2874 4638
218 307 245 361 Χ
647 305 770 358 mutel
789 305 890 359 tacout

223 456 357 526 rentlresi
372 455 614 547 comprehensa3
636 455 794 524 lacunosis
809 456 898 524 binos
913 459 1037 550 appinxi
1052 460 1231 528 asteriscos:
1247 481 1330 549 quae

112 592 117 603 ,
223 586 373 632 versuum
405 560 529 652 legibus
556 561 608 629 vel
636 564 782 630 orationis
815 564 886 629 usui
914 563 965 631 vel
991 566 1164 632 sententiae
1189 568 1254 632 vim
1281 568 1329 633 ta·

223 671 319 749 ciant,
341 690 436 736 cruce
457 669 594 759 signata3
627 690 710 756 quae
736 668 872 735 eicimda
900 671 974 751 sint,
1001 671 1192 761 rectangulis
1217 671 1329 739 inclusi

221 773 454 865 parenthesium
476 773 603 856 limbus3
626 773 678 839 ubi
700 773 881 841 dubitationi
901 774 992 841 locus
1014 777 1061 857 sit,
1083 779 1330 867 interrogationis

222 891 329 948 notam
352 881 492 971 apposui
534 877 671 946 Lineolis
691 880 785 946 rectis
812 879 1011 946 dextrorsum
1031 881 1133 949 ductis
1155 884 1288 949 omissas
1310 908 1329 950 a

223 1009 273 1053 me
299 988 330 1053 in
357 984 561 1053 describendo
588 982 783 1074 singulorum
815 986 1062 1051 testimoniorum
1089 1009 1186 1054 voces
1214 991 1329 1070 notavi,

221 1114 372 1159 versuum
393 1090 470 1158 tinea
491 1088 797 1180 perpendicularibus
818 1089 1002 1180 significavi:
1039 1090 1092 1157 ubi
1118 1088 1209 1160 binae
1231 1116 1330 1184 appo·

222 1198 300 1263 sitae
326 1205 401 1262 sunt
426 1193 712 1287 perpendiculares,
739 1203 823 1261 totos
851 1197 941 1261 omisi
969 1218 1082 1263 versus
1108 1197 1160 1265 vel
1188 1199 1329 1288 singulos

222 1301 274 1368 vel
296 1305 389 1369 etiam
411 1301 526 1392 plures.
569 1301 739 1368 Poetarum
760 1301 938 1367 nominibus
965 1303 1017 1390 qui
1045 1302 1157 1370 adiecti
1177 1314 1252 1370 sunt
1272 1327 1330 1372 nu-

222 1429 380 1474 merorum
401 1410 519 1499 priores
546 1409 641 1497 ipsius
669 1407 770 1496 operis
796 1405 957 1473 volumina
983 1407 1131 1489 indicant,
1165 1409 1253 1476 alteri
1274 1433 1331 1501 pa·

221 1514 325 1603 ginas,
360 1515 467 1581 tertius
502 1515 634 1603 quisque
661 1510 854 1602 singularum
881 1513 1066 1603 paginarum
1093 1535 1242 1580 numeros
1269 1515 1330 1582 lra-

221 1628 431 1706 gmentorum,
453 1629 583 1710 quartus
604 1641 727 1685 versus.
764 1616 819 1698 lta,
841 1618 908 1683 sive
930 1618 1000 1705 quis
1015 1619 1140 1686 maioris
1156 1619 1250 1686 huius
1267 1620 1331 1688 edi·

223 1725 313 1792 bonis
336 1723 546 1793 voluminibus
568 1726 673 1806 utitur,
700 1725 767 1790 sive
789 1721 886 1789 altero
909 1724 963 1811 qui
984 1745 1067 1789 anno
1088 1724 1331 1815 quadragesimo

182 1814 186 1827 ⁸
222 1830 355 1920 septimo
378 1831 478 1898 editus
500 1840 549 1897 est
570 1829 658 1911 libro,
679 1830 825 1897 effectum
854 1850 967 1917 spero,
996 1838 1031 1894 ut
1052 1829 1247 1920 singulorum
1271 1854 1332 1898 vo·

223 1935 408 2003 cabulorum
429 1935 507 2003 locis
527 1935 669 2003 indicatis
696 1932 839 2025 singulae
869 1932 960 2000 facile
985 1935 1114 2000 inveniri
1132 1938 1252 2025 possint
1274 1961 1331 2028 pa·

222 2043 330 2132 ginae,
362 2041 416 2110 vel
437 2041 590 2109 eiusmodi
611 2038 824 2130 reliquiarum,
858 2038 1033 2128 exquibus
1060 2042 1178 2130 potiora
1207 2052 1330 2109 tantum

222 2156 348 2237 recepta
370 2157 453 2230 sunt,
475 2146 570 2214 modo
593 2145 753 2237 graviores
774 2134 843 2210 illai
866 2165 964 2210 voces
984 2146 1014 2210 in
1036 2143 1099 2212 hoc
1119 2145 1220 2213 indice
1241 2146 1331 2214 evol·

221 2254 313 2319 veris.

305 2356 467 2424 Hactenus
501 2358 540 2425 de
573 2381 610 2424 ea
648 2357 741 2423 buius
772 2355 940 2422 voluminis
972 2357 1100 2423 materia
1131 2356 1209 2438 dixi,
1247 2382 1332 2448 quae

223 2463 372 2528 maiorem
394 2461 476 2544 libri,
503 2465 555 2530 cui
575 2462 683 2530 indicis
705 2483 820 2529 nomen
846 2461 1074 2550 inscripsimus,
1101 2464 1239 2530 continet
1258 2487 1331 2555 par-

223 2575 296 2632 tem.
339 2564 451 2634 Restat
483 2578 519 2634 ut
545 2567 618 2657 quid
652 2577 774 2659 praeter
806 2589 877 2633 eam
908 2565 1044 2633 lectores
1074 2569 1227 2636 inventuri
1259 2574 1330 2653 sint,

223 2672 332 2761 paucis
354 2672 551 2764 significetur.
594 2672 718 2740 Etenim
738 2674 854 2763 priores
876 2680 1004 2738 centum
1025 2672 1251 2766 duodetriginta
1274 2701 1331 2768 pa·

222 2779 328 2869 ginae,
361 2800 443 2846 anno
470 2777 543 2847 illae
570 2778 811 2870 quadragesimo
833 2786 944 2865 quarto
972 2778 1055 2868 typis
1080 2778 1268 2871 descriptae,
1291 2807 1331 2851 ea

224 2885 365 2965 allerunt,
387 2907 470 2973 quae
491 2894 567 2952 tunc
588 2884 626 2951 ad
649 2884 809 2974 superiora
833 2880 991 2949 volumina
1014 2883 1157 2953 addenda
1178 2886 1332 2957 adnotan-

224 2990 326 3079 daque
347 2989 502 3073 babebm,
536 2989 650 3079 quibus
672 3011 759 3055 meas
781 2987 900 3077 aliquot
926 2988 1195 3057 adnotatiunculae
1217 2992 1333 3062 addere

222 3094 345 3163 licebat
383 3092 456 3161 Nou
477 3100 520 3160 ita
543 3093 642 3161 multo
665 3103 737 3184 post
758 3117 856 3182 quum
877 3095 1028 3160 minorem
1051 3095 1216 3163 editionem
1237 3098 1330 3166 ador·

222 3222 343 3282 nasses,
364 3199 469 3290 ampla
491 3202 648 3269 succrevit
668 3221 779 3266 recens
799 3198 1012 3266 addendorum
1033 3201 1137 3290 copia,
1159 3225 1217 3269 seu
1238 3192 1330 3273 mvii

222 3305 371 3374 librorum
393 3304 537 3372 subsidiis
557 3328 614 3373 seu
636 3306 795 3372 doctrinae
816 3326 877 3396 ope
898 3315 1089 3396 comparata.
1125 3306 1216 3375 Haec
1230 3332 1331 3399 quum

221 3398 320 3502 ipsius
341 3412 462 3493 λέξεως
482 3413 616 3503 paginae
637 3412 755 3479 dudum
779 3410 909 3478 describi
931 3420 1062 3502 coeptae
1083 3423 1198 3496 essent,
1218 3415 1258 3481 ad
1274 3417 1330 3483 ab·
1406 3490 1410 3497 ,

222 3515 365 3584 solvendi
391 3519 485 3584 totius
512 3520 615 3608 operis
641 3517 734 3585 linem
755 3516 988 3598 reservabatur,
1018 3517 1199 3601 identidem,
1231 3523 1330 3589 sires

223 3627 265 3690 ita
286 3623 416 3706 tulisset,
438 3622 583 3713 augenda
600 3632 631 3690 et
641 3622 870 3714 locupletanda.
907 3620 1020 3712 Neque
1031 3624 1145 3691 frustra
1156 3647 1228 3691 eam
1239 3649 1330 3718 spem

182 3735 187 3747 '
223 3730 335 3810 luisse,
367 3729 459 3796 docet
483 3730 611 3820 insignis
633 3729 797 3796 doctorum
819 3729 957 3795 virorum
978 3727 1018 3795 de
1037 3727 1182 3800 Graecae
1202 3731 1331 3822 linguae

222 3835 331 3901 studiis
353 3834 434 3902 bene
456 3834 592 3902 merendi
613 3833 770 3915 voluntas,
793 3857 854 3923 qua
877 3834 961 3902 ducti
982 3833 1187 3917 Batavorum,
1209 3837 1331 3928 Anglo-

221 3963 300 4023 rum,
323 3939 614 4032 Francogallornm,
635 3941 820 4008 nostratium
834 3940 951 4031 egregii
972 3938 1092 4029 aliquot
1114 3944 1169 4009 viri
1191 3965 1254 4009 non
1276 3964 1330 4009 so·

221 4045 288 4114 lum
322 4067 422 4114 novos
456 4068 496 4114 ex
528 4045 785 4114 bibliothecarum
817 4044 944 4114 latebris
972 4046 1137 4115 thesauros
1164 4050 1195 4117 in
1221 4047 1328 4117 lucem
