2964 4634
252 373 295 438 68
436 362 589 432 Addanda
612 369 643 426 et
666 358 856 445 Corrigenda
878 360 918 426 ad
938 360 1006 427 Vol.
1028 360 1065 426 11.
1088 362 1129 427 P.
1143 360 1174 427 2.

253 536 417 612 admodum
438 540 469 602 in
490 534 580 600 tertio
602 533 680 597 libro
702 529 835 615 longiori
857 530 1087 615 Tageuistarum
1116 530 1244 617 eclogae
1265 552 1364 617 prae·

252 648 334 711 misit
351 657 459 707 uersus
481 635 629 719 quosdam
653 654 693 699 ex
709 632 947 698 Metallensibus.
968 633 1081 699 Verum
1098 654 1275 718 quamquam
1297 656 1363 705 nou

255 765 338 832 nego
365 743 501 826 potuisse
528 746 561 803 et
591 737 735 823 debuisse
767 734 953 799 benebenti
983 737 1098 801 soeculi
1126 738 1157 802 in
1189 738 1363 823 Tagenistis

255 844 573 916 commemorationem
599 840 733 922 pluribus
765 836 904 901 versibus
931 837 1115 903 celebratam
1142 858 1231 921 esse,
1259 847 1363 906 tamea

254 969 318 1016 uon
339 948 465 1012 fecerim
494 942 678 1027 singularem
706 940 877 1023 fragmento
905 939 993 1004 alicui
1015 940 1091 1022 xit,
1120 940 1204 1024 quod
1228 962 1256 1025 p.
1281 943 1364 1007 1158

252 1054 363 1119 fuctum
385 1054 444 1126 est,
465 1037 584 1111 locum.³
608 1045 644 1107 11.
667 1043 688 1106 i.

338 1154 372 1217 P.
396 1148 491 1228 1152,
513 1148 534 1210 9
555 1166 573 1210 a
594 1146 644 1209 fin.
669 1160 747 1207 corr.
767 1135 852 1205 ‘esse
873 1137 1071 1210 locutionem’

337 1256 370 1318 r.
393 1249 476 1314 1154
497 1246 600 1311 xvnn.
621 1243 744 1329 πιρκην
766 1242 897 1325 wenge.

337 1357 369 1420 P.
394 1350 487 1430 1157,
510 1349 530 1412 7
552 1367 570 1411 a
591 1347 652 1412 line
680 1365 759 1411 corr.
787 1342 890 1427 παρὲξ
934 1348 1092 1413 Caeterum
1115 1340 1363 1436 παριξόρουσον

252 1457 383 1528 coniecit
405 1462 436 1519 et
456 1452 617 1517 Dobraeus
639 1446 718 1513 Λᾶν.
740 1448 775 1511 11.
798 1447 874 1510 255.

335 1559 368 1622 Ρ.
392 1553 487 1633 1158,
511 1550 553 1613 10
574 1552 696 1634 corrige
718 1550 793 1617 xit.
816 1567 872 1631 pro
894 1549 967 1612 th.

335 1660 367 1723 P.
394 1654 487 1718 1159.
511 1658 586 1716 extr.
608 1641 720 1733 ὥσπερ

330 1736 369 1823 'n
394 1754 487 1820 tren.
524 1753 574 1816 xl.
598 1747 705 1836 ‘npuc
741 1751 874 1834 nestun.
905 1752 1014 1817 lemma
1046 1746 1162 1817 utrm
1194 1754 1361 1820 terentum

250 1863 371 1927 ridetur
404 1857 549 1923 Dobraao
581 1854 661 1917 Adv.
689 1851 724 1915 11.
753 1852 816 1915 255
844 1860 877 1916 nt
906 1857 1064 1937 sequentia
1096 1856 1135 1920 ad
1165 1857 1360 1937 praecedens

250 1953 446 2044 Πυλαγόροι
472 1956 657 2023 reserantur:
684 1953 765 2019 idem
792 1973 855 2019 non
885 1950 1104 2043 Πνλαγόρονς
1129 1957 1185 2023 sed
1211 1956 1359 2023 Πηλα..

250 2057 327 2152 ρούς
348 2065 463 2128 dixisse
486 2062 621 2126 comicos
645 2050 835 2140 suspicatur.⁸
860 2058 895 2120 H.
918 2059 939 2121 1.
1066 2116 1069 2125 ,

334 2167 367 2230 Ρ.
391 2163 486 2242 1162,
510 2159 621 2225 511111.
646 2179 726 2225 corr.
755 2179 944 2243 naquaquam
989 2159 1030 2224 14
1051 2181 1069 2225 a
1090 2162 1151 2227 tine
1178 2158 1359 2246 Διαδοχαῖς

249 2270 287 2336 15
309 2288 327 2334 a
350 2257 571 2333 mantnano

335 2371 368 2434 P.
392 2366 485 2431 1163.
528 2365 648 2447 Fragm.
676 2363 699 2426 1.
740 2355 842 2427 'Haec
870 2362 1054 2426 Fritzsehius
1087 2363 1236 2446 Euphros.
1263 2386 1292 2448 p.
1304 2367 1359 2431 et

250 2489 317 2537 cum
339 2472 376 2536 iis
397 2470 429 2533 in
450 2486 542 2533 unurn
565 2466 720 2531 coniunxit
741 2484 820 2548 quae
838 2466 984 2546 Harpocr.
1000 2464 1085 2529 rtur
1102 2466 1252 2532 Suidusv.
1273 2461 1361 2552 ὁμοῦ

248 2572 418 2638 Menandro
440 2571 586 2635 tribuunt:
609 2560 674 2645 ἤδη
695 2560 759 2652 γάρ
779 2567 850 2631 ἐστι
872 2564 932 2630 τοῦ
953 2562 1075 2630 τίκτειν
1094 2561 1197 2653 docuit
1225 2571 1359 2637 coniun-

247 2676 291 2740 xit
311 2681 409 2739 autern
431 2672 563 2737 huncio
585 2669 722 2734 modum:

375 2764 543 2855 λάβεσθε·
565 2770 621 2834 καὶ
643 2765 707 2855 γάρ
728 2769 800 2835 ἐστι
821 2768 880 2835 τοῦ
903 2769 1024 2834 τίκτειν
1044 2764 1139 2853 ὁμοῦ.

250 2877 411 2939 caeterum
438 2874 488 2937 ilia
516 2892 594 2954 quae
621 2873 735 2939 habent
766 2872 974 2957 lexicographi
1001 2893 1029 2936 v.
1058 2868 1144 2956 ὁμοῦ
1170 2874 1259 2937 ctiam
1288 2874 1360 2938 Do-

248 2979 362 3040 braeus
392 2975 472 3040 Λᾶν.
495 2976 530 3039 ll.
553 2976 616 3038 256
639 2981 669 3038 et
696 2974 865 3040 Meinekius
887 2975 933 3038 lV.
963 2976 1025 3039 279
1054 2977 1250 3060 Aristophani
1275 2978 1361 3041 assi-

249 3067 465 3161 mwffi
840 3145 847 3155 ,

334 3177 366 3240 P.
392 3176 481 3257 1164,
504 3177 525 3240 8
548 3178 767 3241 camillorum
814 3176 854 3240 12
876 3176 910 3239 οἱ
931 3170 966 3236 d’
1013 3176 1053 3241 14
1074 3196 1130 3260 pre
1152 3178 1196 3242 68
1217 3180 1339 3244 86665

391 3279 465 3344 lbid.
493 3280 613 3362 Pragm.
641 3279 689 3343 111.
720 3279 868 3363 Bergkius
897 3297 978 3342 nune
1004 3282 1044 3344 ita
1072 3284 1214 3364 corrigit:⁴
1239 3273 1360 3344 nutura

247 3372 291 3442 dr
312 3374 467 3466 δράσειας
488 3375 615 3444 ἄτοπον
636 3373 709 3442 ott'
733 3372 776 3441 ἂν
796 3374 992 3462 irradiatura
1013 3375 1065 3444 ἄν.

330 3485 362 3547 Ρ.
386 3484 478 3565 1167,
500 3483 566 3547 tou
579 3476 705 3546 isthaec
727 3482 819 3546 hodie
831 3485 871 3544 ita
893 3482 1089 3566 legunturap.
1102 3477 1357 3561 Dinbneramridd

241 3572 459 3669 Ἀνδρομέδα
479 3579 586 3671 ὀγδόῳ
606 3578 671 3646 ἔτει
695 3580 949 3667 ’προεισῆλθεν
987 3577 1058 3646 ἀλλ’
1088 3579 1128 3647 od
1162 3586 1358 3671 *coaequat-

246 3679 331 3757 τητὰ
351 3671 394 3761 ἦν
416 3682 460 3747 τὰ
481 3678 641 3750 τοιαῦτν.’
663 3686 700 3749 Η.
722 3685 742 3748 1.
984 3681 990 3690 ’

330 3783 362 3847 Ρ.
387 3784 479 3863 1169,
506 3786 545 3847 19
568 3805 648 3850 corr.
670 3786 734 3848 370
756 3785 799 3849 20
827 3779 930 3859 ‘Quae
952 3785 1065 3851 ibidem
1087 3787 1108 3853 1.
1132 3789 1174 3853 28
1197 3809 1237 3854 ex
1258 3790 1356 3856 schol.

244 3880 411 3964 vesparum
433 3885 496 3948 879
519 3886 603 3961 (884
622 3886 738 3961 nuno.)
760 3886 926 3952 afferuntur
946 3890 999 3951 vix
1025 3908 1100 3955 sana
1123 3899 1356 3974 essentessent.

248 3979 320 4060 Τὴν
339 3975 519 4068 ἀκαλήφην
539 3985 769 4070 μεταᾳοριναὸς
789 3982 828 4049 td
849 3986 953 4075 τραχὺ
972 3990 1030 4052 καὶ
1051 3987 1219 4071 δηκτικόν,
1240 3985 1284 4072 ἢν
1296 3993 1356 4057 rroei

242 4078 423 4171 ἀκαλήφην
452 4084 615 4171 λέγεσθαί
643 4107 729 4173 φησι
761 4081 897 4172 Κράτης
927 4088 1138 4171 Φοινίσσαις.
1187 4096 1265 4172 Quid
1292 4096 1355 4161 due

241 4188 312 4258 rtt‘i
335 4192 490 4256 urticam
514 4190 554 4254 da
575 4207 686 4271 aspero
710 4197 740 4255 et
760 4191 897 4257 mordaci
914 4196 1064 4278 usurpari,
1085 4215 1176 4279 quam
1199 4204 1231 4264 et
1249 4184 1375 4275 urti.]
