2874 4638
216 319 250 369 vt
649 314 771 367 neuster
791 317 891 367 llCOBl

214 468 306 535 Hunc
340 488 442 555 neque
476 464 575 561 fabrili
607 463 725 533 lassent
757 464 915 556 ergastula
949 491 1069 550 massa,
1105 466 1176 536 Neo
1209 469 1324 559 rigidas

213 582 330 641 vexent
351 572 434 636 [osso
458 569 585 637 metalla
608 593 736 653 manus3
770 572 887 639 Lexica
909 583 1070 639 contexat:
1107 597 1179 640 nam
1203 583 1326 641 caetera

216 680 288 770 quid
303 674 432 745 moror?
454 697 564 742 omnes
579 675 758 743 Poenarum
775 678 871 744 lacios
886 677 936 746 bic
951 677 1040 745 labor
1055 701 1137 746 unus
1153 676 1264 746 babet?

301 782 444 873 Ingratus
472 782 550 863 sirn,
577 783 608 848 ni
635 781 783 871 quidquid
811 804 998 872 poenarum,
1025 784 1233 873 undecunque
1250 787 1326 864 erit,

216 892 247 955 in
269 890 331 954 hoc
353 897 449 976 caput
470 886 641 954 conflatum
668 888 774 969 luerit,
803 887 893 954 lacile
920 889 1082 956 terendum
1108 900 1231 980 putem,
1259 912 1327 956 me·

218 1016 287 1060 mor
307 991 538 1072 beneficiorum,
571 993 682 1081 quibus
704 1017 756 1059 me
777 1016 833 1082 per
855 993 946 1080 buius
975 993 1040 1060 libri
1063 997 1326 1086 opportunitatem

216 1100 375 1190 insigniter
406 1097 600 1165 cumulatum
634 1121 706 1164 esse
734 1120 837 1187 usque
862 1099 1057 1189 praedicabo.
1107 1103 1215 1187 Quum
1243 1101 1326 1167 enim

217 1208 248 1272 in
271 1205 401 1271 caeteris
421 1203 538 1270 artibus
561 1212 592 1269 et
619 1202 783 1293 disciplinis
807 1205 986 1292 quicunque
1007 1206 1047 1271 ad
1068 1209 1169 1295 ipsam
1192 1205 1329 1293 aliquam

220 1312 391 1378 doctrinam
414 1306 581 1398 aliquando
604 1330 662 1374 suo
683 1307 784 1374 blarte
804 1308 1010 1398 profitendam
1032 1311 1168 1400 aspirare
1191 1312 1329 1400 eupiunt,

221 1426 343 1506 praeter
374 1415 492 1504 primae
520 1415 716 1480 institutionis
746 1413 948 1481 fundamenta
978 1418 1063 1482 varia
1091 1414 1200 1482 deinde
1227 1437 1329 1503 neque

223 1521 393 1589 admodum
414 1518 532 1586 ludicra
554 1517 605 1584 illa
629 1519 848 1585 exercitatione
871 1520 1022 1586 formandi
1038 1520 1241 1609 firmandique
1255 1521 1330 1599 sint;

224 1650 322 1718 quum
344 1625 509 1714 insignium
533 1624 670 1688 maxime
691 1625 722 1689 in
744 1645 803 1689 suo
819 1627 971 1715 cuiusque
987 1649 1103 1715 genere
1117 1626 1254 1691 virorum
1267 1645 1328 1690 non

224 1733 332 1799 intueri
355 1728 458 1795 solum
481 1730 537 1795 sed
558 1730 667 1794 imitari
696 1750 807 1818 opera,
836 1731 929 1820 inque
956 1731 1168 1797 minutissimis
1197 1728 1330 1796 artificiis

223 1839 320 1928 ipsius
343 1836 416 1900 artis
440 1833 583 1924 exempla
606 1835 671 1899 suis
693 1833 808 1899 viribus
825 1837 997 1924 exprimere
1012 1836 1196 1901 doceantur:
1218 1837 1247 1900 in
1270 1836 1331 1899 trac

225 1940 416 2032 amplissima
438 1939 573 2006 liberalis
593 1940 790 2006 institutionis
820 1941 947 2005 materia
976 1941 1066 2007 lacile
1092 1940 1139 2019 lit,
1176 1950 1211 2006 ut
1238 1939 1332 2006 levis·

226 2050 304 2115 sima
327 2067 421 2135 opera
444 2045 570 2134 defungi
592 2045 668 2109 satis
690 2042 806 2109 babere
828 2044 972 2110 malimus
988 2068 1084 2133 quam
1100 2046 1242 2111 diuturna
1258 2066 1333 2110 curo

225 2164 321 2243 atque
343 2148 445 2216 studio
468 2148 620 2215 audiendo
637 2149 846 2238 imitandoque
861 2172 899 2214 eo
915 2151 1089 2239 pervenire,
1111 2159 1147 2214 ut
1168 2147 1333 2237 aliquando

227 2258 340 2328 nostris
360 2252 497 2322 ‘viribus
519 2253 644 2335 confisi,
672 2255 786 2343 quippe
807 2264 913 2321 nostro
935 2256 965 2320 in
988 2275 1100 2343 regno,
1128 2251 1204 2318 illud
1231 2255 1334 2342 ipsum

228 2367 400 2441 discamus,
429 2358 571 2425 laborare
598 2354 763 2424 utiliter’.*
811 2357 918 2449 ltaque
946 2360 1007 2425 boc
1033 2360 1185 2448 optimum
1215 2367 1264 2424 est
1289 2357 1335 2422 la·

229 2480 331 2549 ctum,
364 2474 400 2530 ut
430 2462 492 2529 Tui
519 2463 621 2552 operis
647 2465 745 2554 gratia
773 2464 908 2554 Tuoque
936 2463 1129 2530 humanitate
1155 2462 1236 2530 haec
1262 2461 1336 2529 milri

229 2566 412 2664 copia'data
441 2569 493 2651 sit,
526 2568 618 2634 huius
646 2569 758 2660 ingenii
787 2571 969 2637 tenuitatem
1000 2568 1107 2636 labore
1133 2578 1165 2634 et
1187 2567 1336 2634 industria

230 2679 424 2769 aliquatenus
446 2675 677 2763 compensandi.

314 2781 436 2869 Quodsi
458 2781 542 2846 omni
564 2802 604 2845 ex
632 2789 720 2870 parte
749 2790 833 2846 recte
860 2790 892 2846 et
920 2782 963 2846 uti
991 2778 1065 2845 mibi
1092 2781 1150 2868 ipsi
1177 2777 1337 2843 satisface-

231 2912 298 2958 rem
319 2887 381 2956 boc
404 2885 504 2953 officio
520 2885 647 2951 lunctus
660 2908 732 2952 esse
746 2885 876 2966 viderer,
898 2884 997 2951 multo
1012 2886 1075 2949 iam
1092 2882 1219 2950 laetiore
1234 2884 1337 2948 animo

231 2995 294 3061 troc
317 2993 442 3060 tandem
465 3015 481 3058 a
506 3014 558 3056 me
580 2990 765 3056 dimitterem
788 2989 950 3057 volumen:
988 2990 1210 3056 satisfecissem
1232 2996 1338 3054 autem

232 3099 334 3189 aliqua
358 3106 521 3187 exparte,
552 3097 578 3161 si
600 3096 778 3161 universam
805 3095 916 3161 harum
947 3094 1145 3185 reliquiarum
1174 3094 1339 3160 dictionem

231 3206 334 3296 plene,
350 3211 506 3283 accurate,
528 3199 696 3292 diligenter,
718 3199 942 3292 intellegenter,
961 3202 1087 3268 omnino
1103 3209 1208 3265 autem
1224 3220 1340 3287 aequa-

234 3310 287 3377 bili
312 3309 431 3375 ratione
462 3317 494 3373 et
525 3315 592 3371 arte
625 3313 789 3372 tractatam
817 3307 1074 3396 composuissem.
1119 3303 1213 3371 Nunc
1240 3302 1338 3370 multo

234 3414 322 3482 aliter
343 3414 464 3479 evenit:
501 3434 574 3478 naor
603 3420 634 3476 et
664 3408 759 3500 longo
791 3410 918 3477 demum
942 3434 1001 3476 usu
1024 3420 1056 3476 et
1077 3410 1208 3477 subinde
1229 3407 1340 3476 confir·

233 3520 326 3586 matis
346 3517 464 3584 viribus
490 3517 569 3582 inter
589 3517 692 3605 ipsum
714 3515 825 3583 edendi
846 3515 913 3582 libri
934 3514 1072 3582 studium
1094 3538 1133 3582 eo
1155 3523 1340 3605 perventum

235 3636 293 3705 est,
315 3634 359 3706 ut,
380 3623 465 3713 quod
487 3621 526 3688 ab
548 3622 631 3688 initio
654 3621 771 3688 tactum
794 3624 940 3712 oportuit,
961 3623 992 3687 in
1005 3619 1103 3686 altera
1114 3621 1215 3708 magis
1226 3618 1340 3683 littera-

234 3755 305 3798 rum
331 3731 411 3796 serie
443 3729 482 3795 ad
518 3736 636 3794 certam
666 3725 798 3792 alieuius
827 3727 953 3793 rationis
982 3746 1125 3792 normam
1153 3725 1283 3812 dirigere
1311 3733 1342 3788 et

235 3836 466 3927 diligentissime
489 3830 711 3922 perpendendis
733 3830 906 3899 officiorum
929 3831 1069 3898 omnium
1090 3830 1256 3897 momentis
1278 3851 1342 3895 rem

109 3934 119 3951 ⁸
234 3943 395 4011 instituere
422 3937 565 4017 mallem,
587 3959 697 4025 quam,
726 3960 823 4026 quum
844 3939 930 4027 prius
958 3947 1095 4004 erratum
1118 3945 1216 4017 esset,
1243 3937 1273 4002 in
1296 3957 1343 4001 er·

271 4070 283 4093 ·
318 4068 353 4122 cl.
374 4068 409 4120 G.
423 4065 574 4120 Hormauni
588 4065 760 4132 opuscuteV
779 4083 806 4132 p.
818 4062 879 4115 sto.
