2964 4634
269 330 290 392 2
511 323 663 388 Addenda
686 330 716 386 et
738 320 927 407 Corrigenda
950 322 988 385 ad
1011 320 1078 387 Vol.
1101 322 1124 384 1.

349 497 381 559 Ρ.
406 494 456 573 17,
478 493 510 557 8.
552 494 585 556 ln
607 491 787 575 locoEtym.
800 510 828 574 p.
851 490 922 572 145,
943 491 987 554 44
1006 482 1052 566 dh
1064 510 1150 578 φησι
1159 486 1379 575 Παλαμήδης

266 591 467 681 ἱστορικόςὸ
494 589 556 670 τὴν
581 589 728 672 κωμικὴν
755 591 842 673 λέξιν
862 589 1074 676 συναγαγών,
1099 593 1201 676 paullo
1224 594 1376 658 audacius

265 699 435 764 Bceckhius
457 697 576 777 scripsit
594 687 796 769 'Ahrcrradc
841 696 1039 759 scribendum
1062 698 1161 776 potins
1180 688 1226 768 aie
1249 693 1376 757 Παλα-

265 796 374 886 μήδης
393 796 524 879 ioropri.
567 799 663 860 Error
684 816 724 859 ex
744 799 910 878 scripturae
934 795 1115 878 compendio
1137 782 1231 861 ssnnit.

348 903 379 963 P.
405 899 456 977 18,
478 898 499 960 4
522 904 590 979 post
613 897 871 978 „Aristophanis”
894 899 990 962 adde:
1012 898 1082 961 Pac.
1105 896 1180 959 950.

346 1005 378 1066 P.
400 1002 453 1065 22.
498 999 544 1061 De
560 1000 707 1062 Maesone
729 1007 871 1063 accurate
898 1002 960 1083 egit
981 998 1204 1063 Schneidewin.
1227 997 1258 1059 in
1281 997 1372 1059 Con-

262 1108 331 1168 icet.
356 1106 420 1167 crit.
443 1122 471 1184 p.
497 1099 560 1161 120
581 1118 648 1180 sqq.

347 1206 379 1268 P.
402 1204 455 1280 26,
481 1201 521 1263 10
543 1221 560 1265 a
582 1202 632 1265 fin.
655 1201 726 1265 dele
747 1201 841 1264 verba
863 1204 970 1281 „cuius
994 1238 1032 1249 —
1054 1200 1186 1282 potest.”

348 1307 379 1369 P.
401 1305 455 1383 26,
477 1305 530 1366 22.
554 1305 600 1367 De
613 1298 934 1380 nominadh'a'rpccir.
946 1302 1012 1365 Keil
1024 1309 1156 1367 onomat.
1169 1319 1253 1383 spec.
1270 1317 1299 1381 p.
1311 1298 1367 1362 61.

344 1407 376 1469 Ρ.
398 1404 451 1470 38.
496 1405 543 1469 De
564 1413 663 1468 aetate
678 1405 811 1469 Tellenis
831 1424 871 1469 cx
893 1405 1026 1468 carmine
1042 1404 1199 1469 Leonidae
1212 1403 1368 1470 Tarentini

262 1510 302 1574 nii
326 1508 428 1591 colligi
449 1514 559 1588 potest.
603 1507 636 1571 ln
658 1506 728 1573 loco
751 1508 925 1589 Etymologi
947 1506 988 1568 nii
1009 1507 1193 1583 mutandum.

345 1611 377 1674 Ρ.
400 1609 453 1688 39,
476 1609 507 1671 3.
555 1606 716 1683 tatanem
737 1611 846 1691 reponi
868 1608 961 1672 voluit
984 1611 1072 1672 etiarn
1096 1608 1230 1672 Geclius.

344 1714 377 1777 P.
398 1712 442 1781 40
464 1728 510 1793 sq.
553 1711 599 1773 De
618 1711 770 1791 Syracosii
795 1711 867 1795 lege
889 1715 1060 1794 caterisque
1082 1730 1160 1794 qnae
1181 1709 1241 1772 huc
1267 1707 1365 1791 perti-

259 1822 333 1877 nent
356 1815 498 1877 disseruit
519 1812 652 1876 Cebetas
675 1811 751 1875 Obs.
773 1813 838 1875 crit.
861 1816 890 1876 in
914 1815 987 1879 Plat.
1012 1832 1090 1877 corn.
1112 1830 1142 1893 p.
1164 1810 1205 1874 37
1227 1827 1293 1891 sqq.

345 1917 376 1977 P.
398 1915 442 1977 44
462 1915 514 1978 nit.
549 1912 582 1976 In
595 1913 666 1976 loco
678 1912 805 1976 Diodori
828 1915 869 1976 nil
891 1916 1075 1995 mutandum,
1097 1932 1157 1977 nec
1177 1917 1289 1995 pugnet
1311 1908 1364 1970 iiie

259 2036 326 2080 curn
348 2015 535 2097 Thucydide.

339 2118 372 2181 P.
395 2118 447 2181 45.
491 2118 539 2180 De
565 2113 775 2195 Aristophanis
803 2115 872 2181 Pac.
902 2113 974 2177 700.
1004 2116 1056 2179 nbi
1083 2116 1221 2180 Cratinus
1246 2112 1362 2178 obiisse

255 2220 364 2287 dicitur
384 2208 447 2283 ὅθ’
485 2216 517 2280 oi
542 2210 697 2292 Λάκωνες
722 2213 894 2297 ἐνέβαλον,
921 2219 1165 2301 peringeniosam
1200 2217 1361 2280 coniectu·

256 2340 321 2384 ram
348 2321 473 2383 tentavit
503 2318 637 2382 coaetus
660 2318 790 2381 Obsorr.
818 2320 884 2380 crit.
911 2320 941 2380 in
964 2319 1037 2381 Plat.
1066 2316 1361 2400 0011168911-

253 2440 349 2485 conca
373 2421 412 2484 de
434 2420 587 2483 Platonica
609 2419 709 2483 tabula
730 2421 923 2503 intellegens.
967 2420 1047 2487 Vera
1069 2428 1168 2485 tamen
1191 2420 1270 2487 haec
1296 2437 1359 2483 non

252 2521 484 2599 cssc‘docebit‚
512 2523 563 2603 qui
591 2539 669 2587 nnus
692 2524 823 2586 omnium
850 2530 935 2586 recte
957 2522 1168 2604 Aristophanis
1189 2522 1284 2586 rerba
1306 2524 1358 2584 in·

252 2623 382 2702 tollerat,
414 2623 607 2691 Fritaschius.
659 2624 691 2686 ln
720 2622 874 2707 Anonymi
903 2625 1075 2691 testimonio
1108 2625 1240 2691 Cebetas
1271 2632 1357 2691 recte

249 2732 349 2795 tuctur
370 2725 481 2793 editam
502 2728 678 2807 scripturam
699 2721 783 2805 parri
804 2721 867 2801 τὴν
889 2745 928 2789 nr
948 2719 1171 2809 Ὀλυμπιάδα.
1222 2726 1260 2789 G.
1276 2728 1356 2793 Din-

249 2826 329 2891 dori.
359 2825 464 2890 chron.
493 2844 579 2893 scen.
607 2845 636 2906 p.
665 2824 728 2888 437
753 2823 911 2908 μετάτὴν
931 2826 1085 2911 πέμπτην
1110 2827 1167 2893 καὶ
1189 2823 1208 2892 ὁ
1228 2822 1357 2913 Ὀλυμ.

249 2923 367 2991 arada.

332 3027 365 3088 Ρ.
388 3024 440 3086 49.
476 3024 684 3089 Grammaticis
705 3027 755 3106 qui
778 3026 818 3090 dc
831 3028 953 3095 Cratino
976 3032 1170 3095 commentati
1192 3038 1262 3097 sunt
1284 3030 1353 3095 ior-

248 3144 304 3191 san
327 3125 487 3189 addendus
509 3126 712 3189 Aristarchus.
756 3126 833 3193 Vide
857 3130 940 3194 Corn.
963 3150 1009 3215 gr.
1032 3132 1099 3196 Vol.
1123 3132 1158 3196 11.
1181 3151 1211 3215 p.
1237 3133 1309 3197 168.

330 3229 363 3291 Ρ.
386 3226 439 3306 51,
463 3226 502 3289 16
526 3247 605 3292 corr.
626 3221 809 3313 ῥευμάτων.

329 3331 362 3394 Ρ.
385 3329 438 3408 54,
460 3329 479 3390 5
503 3347 520 3391 a
542 3329 592 3391 srn.
617 3335 685 3410 post
706 3323 887 3404 σύνδουλος
909 3333 1022 3397 excidit
1042 3355 1071 3396 κ.
1094 3353 1123 3395 r.
1145 3331 1173 3396 λ.

328 3432 360 3499 Ρ.
383 3430 435 3509 67,
457 3428 477 3493 3
500 3448 517 3492 a
539 3429 589 3495 fin.
613 3449 692 3495 corr.
714 3430 924 3517 Δραπέτιδες.

327 3535 360 3597 Ρ.
382 3532 435 3613 63,
458 3532 477 3593 5
501 3549 518 3594 a
541 3530 591 3597 tin.
611 3524 759 3615 ‘Accepta
782 3553 870 3621 quam
893 3535 931 3598 ad
953 3535 1021 3601 Vol.
1044 3536 1080 3600 11.
1112 3554 1140 3619 p.
1167 3534 1250 3598 1169
1271 3555 1347 3617 pro-

242 3634 329 3712 posui
352 3638 526 3698 coniectura
537 3635 743 3699 removebitur
760 3635 830 3703 fort.
855 3640 982 3702 Cratetis
1004 3640 1034 3701 in
1050 3637 1235 3704 Phoenissas
1255 3657 1344 3703 cem·

241 3727 425 3799 nonanus?
458 3736 495 3799 H.
519 3735 541 3797 1.

326 3833 358 3895 Ρ.
381 3835 434 3915 64,
459 3834 509 3905 18.
532 3839 589 3904 Pro
612 3838 801 3921 Magnetis
823 3837 894 3920 lege
918 3840 1083 3905 Cratetis

322 3933 366 4003 th.
388 3935 409 4001 l.
432 3937 450 3997 5
475 3956 491 4000 a
513 3937 562 4001 in.
586 3957 665 4003 corr.
687 3955 753 4018 pro
776 3940 929 4005 Cratino
952 3943 1123 4007 Cratetis

324 4036 356 4100 P.
379 4037 432 4118 67,
453 4036 473 4102 3
496 4058 551 4121 pro
573 4030 626 4105 ὅτι
646 4040 718 4125 lege
741 4036 802 4117 τὴν
822 4032 933 4107 οἰκίαν
953 4043 1009 4109 cfr.
1032 4045 1099 4112 Vei.
1121 4045 1157 4110 11.
1180 4062 1210 4126 p.
1232 4044 1304 4107 277.

295 4222 298 4229 .
321 4137 353 4200 Ρ.
376 4138 431 4220 68,
453 4142 473 4203 6
496 4142 515 4207 Ι.
535 4135 720 4229 χειρότερον
740 4143 823 4209 Iliad.
