<?xml version="1.0" encoding="UTF-8"?>
<!DOCTYPE html PUBLIC "-//W3C//DTD XHTML 1.0 Transitional//EN"
    "http://www.w3.org/TR/xhtml1/DTD/xhtml1-transitional.dtd">
<html xmlns="http://www.w3.org/1999/xhtml" xml:lang="en" lang="en">
 <head>
  <title>
</title>
<meta http-equiv="Content-Type" content="text/html;charset=utf-8" />
  <meta name='ocr-system' content='tesseract 3.04.00' />
  <meta name='ocr-capabilities' content='ocr_page ocr_carea ocr_par ocr_line ocrx_word'/>
</head>
<body>
  <div class='ocr_page' id='page_1' title='image "./fragmentacomico00jacogoog_0438.png"; bbox 0 0 2964 4634; ppageno 0'>
   <div class='ocr_carea' id='block_1_1' title="bbox 179 320 1222 428">
    <p class='ocr_par' dir='ltr' id='par_1_1' title="bbox 179 320 1222 428">
     <span class='ocr_line' id='line_1_1' title="bbox 179 320 1222 428; baseline 0.014 -25"><span class='ocrx_word' id='word_1_1' title='bbox 179 320 184 327; x_wconf 39' lang='lat'><strong>⁴</strong></span> <span class='ocrx_word' id='word_1_2' title='bbox 298 340 450 405; x_wconf 80' lang='lat' dir='ltr'><strong>Addcnda</strong></span> <span class='ocrx_word' id='word_1_3' title='bbox 475 350 504 407; x_wconf 89' lang='lat' dir='ltr'><strong>ct</strong></span> <span class='ocrx_word' id='word_1_4' title='bbox 529 344 720 428; x_wconf 78' lang='lat' dir='ltr'><strong>Corrigenda</strong></span> <span class='ocrx_word' id='word_1_5' title='bbox 743 347 782 409; x_wconf 91' lang='lat' dir='ltr'><strong>ad</strong></span> <span class='ocrx_word' id='word_1_6' title='bbox 804 346 870 411; x_wconf 85' lang='lat' dir='ltr'><strong>Vol.</strong></span> <span class='ocrx_word' id='word_1_7' title='bbox 893 346 927 411; x_wconf 94' lang='grc'><strong>11.</strong></span> <span class='ocrx_word' id='word_1_8' title='bbox 951 349 981 411; x_wconf 90' lang='lat' dir='ltr'><strong>P.</strong></span> <span class='ocrx_word' id='word_1_9' title='bbox 1008 351 1034 412; x_wconf 94' lang='grc'><strong>1.</strong></span> <span class='ocrx_word' id='word_1_10' title='bbox 1181 352 1222 418; x_wconf 87' lang='grc'><strong>23</strong></span> 
     </span>
    </p>
   </div>
   <div class='ocr_carea' id='block_1_2' title="bbox 99 511 1221 1124">
    <p class='ocr_par' dir='ltr' id='par_1_2' title="bbox 99 511 1221 1124">
     <span class='ocr_line' id='line_1_2' title="bbox 99 511 1221 605; baseline 0.014 -35"><span class='ocrx_word' id='word_1_11' title='bbox 99 511 204 592; x_wconf 75' lang='lat' dir='ltr'><strong>paics.</strong></span> <span class='ocrx_word' id='word_1_12' title='bbox 240 511 308 585; x_wconf 83' lang='lat' dir='ltr'><strong>Ouo</strong></span> <span class='ocrx_word' id='word_1_13' title='bbox 326 517 429 576; x_wconf 90' lang='lat' dir='ltr'><strong>tamen</strong></span> <span class='ocrx_word' id='word_1_14' title='bbox 453 530 514 576; x_wconf 89' lang='lat' dir='ltr'><strong>non</strong></span> <span class='ocrx_word' id='word_1_15' title='bbox 537 515 686 579; x_wconf 86' lang='lat' dir='ltr'><strong>evincitur</strong></span> <span class='ocrx_word' id='word_1_16' title='bbox 706 523 791 581; x_wconf 89' lang='lat' dir='ltr'><strong>recte</strong></span> <span class='ocrx_word' id='word_1_17' title='bbox 811 518 870 581; x_wconf 89' lang='lat' dir='ltr'><strong>dict</strong></span> <span class='ocrx_word' id='word_1_18' title='bbox 891 512 1146 600; x_wconf 73' lang='grc' dir='ltr'><strong>ἀφυπνίζισθαι</strong></span> <span class='ocrx_word' id='word_1_19' title='bbox 1162 541 1221 605; x_wconf 77' lang='grc' dir='ltr'><strong>χο-</strong></span> 
     </span>
     <span class='ocr_line' id='line_1_3' title="bbox 99 611 1219 694; baseline 0.014 -23"><span class='ocrx_word' id='word_1_20' title='bbox 99 611 184 693; x_wconf 78' lang='grc' dir='ltr'><strong>ροῖς.</strong></span> <span class='ocrx_word' id='word_1_21' title='bbox 218 611 313 674; x_wconf 86' lang='lat' dir='ltr'><strong>Unice</strong></span> <span class='ocrx_word' id='word_1_22' title='bbox 348 630 431 675; x_wconf 90' lang='lat' dir='ltr'><strong>nuuc</strong></span> <span class='ocrx_word' id='word_1_23' title='bbox 463 614 560 694; x_wconf 90' lang='lat' dir='ltr'><strong>probo</strong></span> <span class='ocrx_word' id='word_1_24' title='bbox 591 615 721 682; x_wconf 85' lang='lat' dir='ltr'><strong>llanovii</strong></span> <span class='ocrx_word' id='word_1_25' title='bbox 747 621 904 684; x_wconf 89' lang='lat' dir='ltr'><strong>rationem.</strong></span> <span class='ocrx_word' id='word_1_26' title='bbox 953 621 1004 685; x_wconf 85' lang='lat' dir='ltr'><strong>Ad</strong></span> <span class='ocrx_word' id='word_1_27' title='bbox 1039 626 1219 688; x_wconf 88' lang='lat' dir='ltr'><strong>sententiam</strong></span> 
     </span>
     <span class='ocr_line' id='line_1_4' title="bbox 102 713 1216 806; baseline 0.011 -30"><span class='ocrx_word' id='word_1_28' title='bbox 102 713 293 776; x_wconf 89' lang='lat' dir='ltr'><strong>conveniunt</strong></span> <span class='ocrx_word' id='word_1_29' title='bbox 316 732 394 794; x_wconf 89' lang='lat' dir='ltr'><strong>quae</strong></span> <span class='ocrx_word' id='word_1_30' title='bbox 418 715 492 779; x_wconf 80' lang='lat' dir='ltr'>dixit</span> <span class='ocrx_word' id='word_1_31' title='bbox 514 716 714 783; x_wconf 77' lang='lat' dir='ltr'>Pherecrates</span> <span class='ocrx_word' id='word_1_32' title='bbox 741 721 860 805; x_wconf 81' lang='lat' dir='ltr'><strong>Fragm.</strong></span> <span class='ocrx_word' id='word_1_33' title='bbox 883 723 942 785; x_wconf 91' lang='lat' dir='ltr'><strong>inc.</strong></span> <span class='ocrx_word' id='word_1_34' title='bbox 971 722 1032 786; x_wconf 83' lang='lat' dir='ltr'><strong>iah.</strong></span> <span class='ocrx_word' id='word_1_35' title='bbox 1060 723 1164 787; x_wconf 87' lang='lat' dir='ltr'><strong>XXXI.</strong></span> <span class='ocrx_word' id='word_1_36' title='bbox 1188 743 1216 806; x_wconf 89' lang='lat' dir='ltr'><strong>p.</strong></span> 
     </span>
     <span class='ocr_line' id='line_1_5' title="bbox 100 802 1216 908; baseline 0.014 -32"><span class='ocrx_word' id='word_1_37' title='bbox 100 813 179 882; x_wconf 86' lang='grc'>349.</span> <span class='ocrx_word' id='word_1_38' title='bbox 202 804 243 875; x_wconf 82' lang='lat' dir='ltr'><strong>i&#39;v&#39;</strong></span> <span class='ocrx_word' id='word_1_39' title='bbox 268 807 510 897; x_wconf 62' lang='lat' dir='ltr'><strong>cirpunutcdrit&#39;</strong></span> <span class='ocrx_word' id='word_1_40' title='bbox 536 802 596 881; x_wconf 75' lang='grc' dir='ltr'><strong>οὖν</strong></span> <span class='ocrx_word' id='word_1_41' title='bbox 617 815 789 906; x_wconf 73' lang='grc' dir='ltr'><strong>ἅκροᾶσθ’</strong></span> <span class='ocrx_word' id='word_1_42' title='bbox 820 818 886 899; x_wconf 76' lang='grc' dir='ltr'><strong>ἤδη</strong></span> <span class='ocrx_word' id='word_1_43' title='bbox 908 818 972 908; x_wconf 75' lang='grc' dir='ltr'><strong>γὰρ</strong></span> <span class='ocrx_word' id='word_1_44' title='bbox 992 822 1048 886; x_wconf 73' lang='grc' dir='ltr'><strong>καὶ</strong></span> <span class='ocrx_word' id='word_1_45' title='bbox 1071 822 1216 908; x_wconf 80' lang='grc' dir='ltr'><strong>λέξομεν.</strong></span> 
     </span>
     <span class='ocr_line' id='line_1_6' title="bbox 191 932 549 999; baseline 0.008 -4"><span class='ocrx_word' id='word_1_46' title='bbox 191 933 235 995; x_wconf 91' lang='lat' dir='ltr'><strong>lb.</strong></span> <span class='ocrx_word' id='word_1_47' title='bbox 257 933 275 995; x_wconf 96' lang='lat' dir='ltr'><strong>l.</strong></span> <span class='ocrx_word' id='word_1_48' title='bbox 298 932 337 996; x_wconf 86' lang='grc'><strong>17</strong></span> <span class='ocrx_word' id='word_1_49' title='bbox 359 953 438 998; x_wconf 86' lang='lat' dir='ltr'><strong>corr.</strong></span> <span class='ocrx_word' id='word_1_50' title='bbox 461 932 549 999; x_wconf 74' lang='grc' dir='ltr'><strong><em>ἐτοῖν</em></strong></span> 
     </span>
     <span class='ocr_line' id='line_1_7' title="bbox 194 1033 1216 1124; baseline 0.011 -27"><span class='ocrx_word' id='word_1_51' title='bbox 194 1035 224 1097; x_wconf 87' lang='lat' dir='ltr'><strong>P.</strong></span> <span class='ocrx_word' id='word_1_52' title='bbox 247 1035 314 1098; x_wconf 83' lang='grc'>119.</span> <span class='ocrx_word' id='word_1_53' title='bbox 360 1036 471 1101; x_wconf 79' lang='lat' dir='ltr'><strong>Cratini</strong></span> <span class='ocrx_word' id='word_1_54' title='bbox 494 1059 601 1104; x_wconf 90' lang='lat' dir='ltr'><strong>versus</strong></span> <span class='ocrx_word' id='word_1_55' title='bbox 626 1036 739 1124; x_wconf 65' lang='grc' dir='ltr'><strong><em>τρίγλη</em></strong></span> <span class='ocrx_word' id='word_1_56' title='bbox 763 1034 795 1101; x_wconf 78' lang='grc' dir='ltr'><strong>δ’</strong></span> <span class='ocrx_word' id='word_1_57' title='bbox 819 1033 851 1102; x_wconf 79' lang='grc' dir='ltr'><strong>εἰ</strong></span> <span class='ocrx_word' id='word_1_58' title='bbox 867 1045 930 1124; x_wconf 79' lang='grc' dir='ltr'><strong>μὲν</strong></span> <span class='ocrx_word' id='word_1_59' title='bbox 950 1039 1124 1123; x_wconf 76' lang='grc' dir='ltr'><strong><em>ἐδηδοκοίη</em></strong></span> <span class='ocrx_word' id='word_1_60' title='bbox 1146 1042 1216 1108; x_wconf 79' lang='grc' dir='ltr'><em>τέν-</em></span> 
     </span>
    </p>
   </div>
   <div class='ocr_carea' id='block_1_3' title="bbox 100 1129 1214 1320">
    <p class='ocr_par' dir='ltr' id='par_1_3' title="bbox 100 1129 1214 1320">
     <span class='ocr_line' id='line_1_8' title="bbox 100 1129 1214 1302; baseline 0.009 -103"><span class='ocrx_word' id='word_1_61' title='bbox 100 1134 178 1302; x_wconf 57' lang='grc' dir='ltr'><strong>θᾱου</strong></span> <span class='ocrx_word' id='word_1_62' title='bbox 200 1131 287 1301; x_wconf 50' lang='grc' dir='ltr'><strong>πιέἰς</strong></span> <span class='ocrx_word' id='word_1_63' title='bbox 309 1129 442 1221; x_wconf 76' lang='grc' dir='ltr'><strong>ἀνδρός,</strong></span> <span class='ocrx_word' id='word_1_64' title='bbox 472 1159 534 1205; x_wconf 94' lang='lat' dir='ltr'><strong>non</strong></span> <span class='ocrx_word' id='word_1_65' title='bbox 558 1150 605 1206; x_wconf 91' lang='lat' dir='ltr'><strong>est</strong></span> <span class='ocrx_word' id='word_1_66' title='bbox 627 1144 792 1225; x_wconf 78' lang='lat' dir='ltr'><strong>dactylicus</strong></span> <span class='ocrx_word' id='word_1_67' title='bbox 821 1145 1005 1210; x_wconf 79' lang='lat' dir='ltr'><strong>hexameter.</strong></span> <span class='ocrx_word' id='word_1_68' title='bbox 1051 1146 1111 1211; x_wconf 88' lang='lat' dir='ltr'><strong>Cir.</strong></span> <span class='ocrx_word' id='word_1_69' title='bbox 1134 1146 1214 1210; x_wconf 83' lang='lat' dir='ltr'><strong>Add.</strong></span> 
     </span>
     <span class='ocr_line' id='line_1_9' title="bbox 103 1258 287 1320; baseline -0.011 -18"><span class='ocrx_word' id='word_1_70' title='bbox 103 1258 122 1302; x_wconf 92' lang='lat' dir='ltr'><strong>a</strong></span> <span class='ocrx_word' id='word_1_71' title='bbox 168 1258 197 1320; x_wconf 94' lang='lat' dir='ltr'><strong>p.</strong></span> <span class='ocrx_word' id='word_1_72' title='bbox 280 1286 287 1300; x_wconf 92' lang='lat'><strong>.</strong></span> 
     </span>
    </p>
   </div>
   <div class='ocr_carea' id='block_1_4' title="bbox 102 1358 1213 1548">
    <p class='ocr_par' dir='ltr' id='par_1_4' title="bbox 102 1358 1213 1548">
     <span class='ocr_line' id='line_1_10' title="bbox 192 1358 1213 1449; baseline 0.005 -28"><span class='ocrx_word' id='word_1_73' title='bbox 192 1359 223 1421; x_wconf 93' lang='lat' dir='ltr'><strong>P.</strong></span> <span class='ocrx_word' id='word_1_74' title='bbox 247 1358 314 1421; x_wconf 90' lang='grc'>181.</span> <span class='ocrx_word' id='word_1_75' title='bbox 359 1359 546 1440; x_wconf 83' lang='lat' dir='ltr'><strong>lihodopidis</strong></span> <span class='ocrx_word' id='word_1_76' title='bbox 568 1381 661 1426; x_wconf 82' lang='lat' dir='ltr'><strong>verua</strong></span> <span class='ocrx_word' id='word_1_77' title='bbox 685 1382 702 1428; x_wconf 90' lang='lat' dir='ltr'><strong>a</strong></span> <span class='ocrx_word' id='word_1_78' title='bbox 727 1364 847 1426; x_wconf 89' lang='lat' dir='ltr'><strong>Cratino</strong></span> <span class='ocrx_word' id='word_1_79' title='bbox 869 1366 988 1449; x_wconf 79' lang='lat' dir='ltr'><strong>Pragm.</strong></span> <span class='ocrx_word' id='word_1_80' title='bbox 1010 1362 1112 1426; x_wconf 81' lang='lat' dir='ltr'><strong>XVlll.</strong></span> <span class='ocrx_word' id='word_1_81' title='bbox 1144 1380 1213 1426; x_wconf 91' lang='lat' dir='ltr'><strong>me-</strong></span> 
     </span>
     <span class='ocr_line' id='line_1_11' title="bbox 102 1462 1213 1548; baseline -0.002 -23"><span class='ocrx_word' id='word_1_82' title='bbox 102 1466 233 1537; x_wconf 89' lang='lat' dir='ltr'><strong>morata,</strong></span> <span class='ocrx_word' id='word_1_83' title='bbox 257 1463 486 1525; x_wconf 90' lang='lat' dir='ltr'><strong>commemorari</strong></span> <span class='ocrx_word' id='word_1_84' title='bbox 508 1462 649 1526; x_wconf 85' lang='lat' dir='ltr'><strong>ridentur</strong></span> <span class='ocrx_word' id='word_1_85' title='bbox 663 1465 752 1527; x_wconf 89' lang='lat' dir='ltr'><strong>etiam</strong></span> <span class='ocrx_word' id='word_1_86' title='bbox 776 1465 813 1528; x_wconf 91' lang='lat' dir='ltr'><strong>ab</strong></span> <span class='ocrx_word' id='word_1_87' title='bbox 825 1465 1006 1548; x_wconf 83' lang='lat' dir='ltr'><strong>Epicharmo</strong></span> <span class='ocrx_word' id='word_1_88' title='bbox 1020 1463 1099 1545; x_wconf 92' lang='lat' dir='ltr'><strong>apud</strong></span> <span class='ocrx_word' id='word_1_89' title='bbox 1112 1462 1213 1524; x_wconf 85' lang='lat' dir='ltr'><strong>Athe-</strong></span> 
     </span>
    </p>
   </div>
   <div class='ocr_carea' id='block_1_5' title="bbox 102 1561 1212 1745">
    <p class='ocr_par' dir='ltr' id='par_1_5' title="bbox 102 1561 1212 1745">
     <span class='ocr_line' id='line_1_12' title="bbox 103 1561 1212 1645; baseline -0.001 -20"><span class='ocrx_word' id='word_1_90' title='bbox 103 1581 215 1625; x_wconf 88' lang='lat' dir='ltr'><strong>naeum</strong></span> <span class='ocrx_word' id='word_1_91' title='bbox 237 1562 311 1626; x_wconf 87' lang='lat' dir='ltr'><strong>Vlll.</strong></span> <span class='ocrx_word' id='word_1_92' title='bbox 336 1581 364 1643; x_wconf 93' lang='lat' dir='ltr'><strong>p.</strong></span> <span class='ocrx_word' id='word_1_93' title='bbox 387 1561 450 1625; x_wconf 87' lang='grc'><strong>362</strong></span> <span class='ocrx_word' id='word_1_94' title='bbox 472 1564 501 1625; x_wconf 93' lang='lat' dir='ltr'><strong>h.</strong></span> <span class='ocrx_word' id='word_1_95' title='bbox 547 1564 587 1625; x_wconf 92' lang='lat' dir='ltr'><strong>de</strong></span> <span class='ocrx_word' id='word_1_96' title='bbox 615 1583 675 1645; x_wconf 89' lang='lat' dir='ltr'><strong>quo</strong></span> <span class='ocrx_word' id='word_1_97' title='bbox 702 1567 772 1631; x_wconf 88' lang='lat' dir='ltr'><strong>loro</strong></span> <span class='ocrx_word' id='word_1_98' title='bbox 802 1567 862 1630; x_wconf 79' lang='lat' dir='ltr'><strong>dixi</strong></span> <span class='ocrx_word' id='word_1_99' title='bbox 883 1567 1027 1631; x_wconf 82' lang='lat' dir='ltr'><strong>Exercitt.</strong></span> <span class='ocrx_word' id='word_1_100' title='bbox 1050 1568 1081 1629; x_wconf 89' lang='lat' dir='ltr'><strong>in</strong></span> <span class='ocrx_word' id='word_1_101' title='bbox 1102 1564 1212 1627; x_wconf 79' lang='lat' dir='ltr'><strong>Athen.</strong></span> 
     </span>
     <span class='ocr_line' id='line_1_13' title="bbox 102 1662 254 1745; baseline 0 -18"><span class='ocrx_word' id='word_1_102' title='bbox 102 1665 126 1727; x_wconf 95' lang='grc'><strong>1.</strong></span> <span class='ocrx_word' id='word_1_103' title='bbox 148 1683 177 1745; x_wconf 93' lang='lat' dir='ltr'><strong>p.</strong></span> <span class='ocrx_word' id='word_1_104' title='bbox 201 1662 254 1727; x_wconf 91' lang='grc'><strong>28.</strong></span> 
     </span>
    </p>
   </div>
   <div class='ocr_carea' id='block_1_6' title="bbox 102 1763 1209 2355">
    <p class='ocr_par' dir='ltr' id='par_1_6' title="bbox 102 1763 1209 2355">
     <span class='ocr_line' id='line_1_14' title="bbox 191 1763 701 1848; baseline 0.01 -22"><span class='ocrx_word' id='word_1_105' title='bbox 191 1765 221 1827; x_wconf 92' lang='lat' dir='ltr'><strong>P.</strong></span> <span class='ocrx_word' id='word_1_106' title='bbox 245 1763 317 1843; x_wconf 98' lang='grc'>183,</span> <span class='ocrx_word' id='word_1_107' title='bbox 340 1764 360 1827; x_wconf 96' lang='grc'><strong>2</strong></span> <span class='ocrx_word' id='word_1_108' title='bbox 382 1784 398 1828; x_wconf 92' lang='lat' dir='ltr'><strong>a</strong></span> <span class='ocrx_word' id='word_1_109' title='bbox 422 1766 482 1830; x_wconf 89' lang='lat' dir='ltr'><strong>line</strong></span> <span class='ocrx_word' id='word_1_110' title='bbox 505 1785 583 1831; x_wconf 87' lang='lat' dir='ltr'><strong>corr.</strong></span> <span class='ocrx_word' id='word_1_111' title='bbox 607 1787 635 1848; x_wconf 90' lang='lat' dir='ltr'><strong>p.</strong></span> <span class='ocrx_word' id='word_1_112' title='bbox 658 1767 701 1831; x_wconf 88' lang='grc'><strong>82</strong></span> 
     </span>
     <span class='ocr_line' id='line_1_15' title="bbox 189 1865 739 1945; baseline 0.007 -15"><span class='ocrx_word' id='word_1_113' title='bbox 189 1869 221 1930; x_wconf 87' lang='lat' dir='ltr'><strong>P.</strong></span> <span class='ocrx_word' id='word_1_114' title='bbox 243 1865 316 1945; x_wconf 91' lang='grc'>184,</span> <span class='ocrx_word' id='word_1_115' title='bbox 339 1866 359 1928; x_wconf 87' lang='grc'><strong>6</strong></span> <span class='ocrx_word' id='word_1_116' title='bbox 381 1885 459 1932; x_wconf 86' lang='lat' dir='ltr'><strong>corr.</strong></span> <span class='ocrx_word' id='word_1_117' title='bbox 483 1871 739 1935; x_wconf 87' lang='lat' dir='ltr'><strong>accommodatius</strong></span> 
     </span>
     <span class='ocr_line' id='line_1_16' title="bbox 190 1968 854 2052; baseline -0.003 -20"><span class='ocrx_word' id='word_1_118' title='bbox 190 1971 222 2032; x_wconf 92' lang='lat' dir='ltr'><strong>P.</strong></span> <span class='ocrx_word' id='word_1_119' title='bbox 249 1968 466 2046; x_wconf 53' lang='grc'>18318111.</span> <span class='ocrx_word' id='word_1_120' title='bbox 491 1970 643 2052; x_wconf 82' lang='lat' dir='ltr'><strong>Aristoph.</strong></span> <span class='ocrx_word' id='word_1_121' title='bbox 667 1971 758 2052; x_wconf 87' lang='lat' dir='ltr'><strong>Vesp.</strong></span> <span class='ocrx_word' id='word_1_122' title='bbox 780 1971 854 2033; x_wconf 87' lang='grc'><strong>925.</strong></span> 
     </span>
     <span class='ocr_line' id='line_1_17' title="bbox 252 2068 1209 2156; baseline 0 -25"><span class='ocrx_word' id='word_1_123' title='bbox 252 2068 325 2132; x_wconf 91' lang='lat' dir='ltr'><strong>lbid.</strong></span> <span class='ocrx_word' id='word_1_124' title='bbox 349 2071 468 2156; x_wconf 80' lang='lat' dir='ltr'><strong>Fragm.</strong></span> <span class='ocrx_word' id='word_1_125' title='bbox 491 2072 595 2134; x_wconf 86' lang='lat' dir='ltr'><strong>XXIX.</strong></span> <span class='ocrx_word' id='word_1_126' title='bbox 612 2068 718 2155; x_wconf 72' lang='grc' dir='ltr'><strong><em>μηδὲν</em></strong></span> <span class='ocrx_word' id='word_1_127' title='bbox 739 2069 915 2154; x_wconf 68' lang='grc' dir='ltr'><strong>ἐπὶχεῖρας</strong></span> <span class='ocrx_word' id='word_1_128' title='bbox 937 2071 1055 2155; x_wconf 64' lang='grc' dir='ltr'><strong>φέρων.</strong></span> <span class='ocrx_word' id='word_1_129' title='bbox 1092 2068 1209 2133; x_wconf 84' lang='lat' dir='ltr'><strong>Eadem</strong></span> 
     </span>
     <span class='ocr_line' id='line_1_18' title="bbox 102 2171 1078 2254; baseline -0.004 -17"><span class='ocrx_word' id='word_1_130' title='bbox 102 2172 239 2237; x_wconf 88' lang='lat' dir='ltr'><strong>dictione</strong></span> <span class='ocrx_word' id='word_1_131' title='bbox 260 2190 333 2235; x_wconf 89' lang='lat' dir='ltr'><strong>usus</strong></span> <span class='ocrx_word' id='word_1_132' title='bbox 355 2181 403 2237; x_wconf 88' lang='lat' dir='ltr'><strong>est</strong></span> <span class='ocrx_word' id='word_1_133' title='bbox 424 2172 626 2254; x_wconf 82' lang='lat' dir='ltr'><strong>Theophanes</strong></span> <span class='ocrx_word' id='word_1_134' title='bbox 651 2176 737 2237; x_wconf 90' lang='lat' dir='ltr'><strong>Cont.</strong></span> <span class='ocrx_word' id='word_1_135' title='bbox 762 2173 810 2237; x_wconf 92' lang='lat' dir='ltr'><strong>ed.</strong></span> <span class='ocrx_word' id='word_1_136' title='bbox 834 2174 930 2237; x_wconf 89' lang='lat' dir='ltr'><strong>Bono.</strong></span> <span class='ocrx_word' id='word_1_137' title='bbox 953 2192 981 2252; x_wconf 89' lang='lat' dir='ltr'><strong>p.</strong></span> <span class='ocrx_word' id='word_1_138' title='bbox 1009 2171 1078 2233; x_wconf 87' lang='grc'>199.</span> 
     </span>
     <span class='ocr_line' id='line_1_19' title="bbox 189 2273 648 2355; baseline 0.002 -18"><span class='ocrx_word' id='word_1_139' title='bbox 189 2274 219 2337; x_wconf 93' lang='lat' dir='ltr'><strong>P.</strong></span> <span class='ocrx_word' id='word_1_140' title='bbox 244 2273 352 2355; x_wconf 91' lang='grc'>188,1</span> <span class='ocrx_word' id='word_1_141' title='bbox 379 2294 456 2340; x_wconf 90' lang='lat' dir='ltr'><strong>corr.</strong></span> <span class='ocrx_word' id='word_1_142' title='bbox 479 2277 648 2341; x_wconf 85' lang='lat' dir='ltr'><strong>llustratius</strong></span> 
     </span>
    </p>
   </div>
   <div class='ocr_carea' id='block_1_7' title="bbox 103 2382 1209 2683">
    <p class='ocr_par' dir='ltr' id='par_1_7' title="bbox 103 2382 1209 2683">
     <span class='ocr_line' id='line_1_20' title="bbox 188 2382 1209 2479; baseline -0.003 -23"><span class='ocrx_word' id='word_1_143' title='bbox 188 2394 219 2456; x_wconf 94' lang='lat' dir='ltr'><strong>P.</strong></span> <span class='ocrx_word' id='word_1_144' title='bbox 242 2392 311 2457; x_wconf 88' lang='grc'>192.</span> <span class='ocrx_word' id='word_1_145' title='bbox 352 2396 471 2479; x_wconf 86' lang='lat' dir='ltr'><strong>Fragm.</strong></span> <span class='ocrx_word' id='word_1_146' title='bbox 491 2394 539 2473; x_wconf 85' lang='lat' dir='ltr'><strong>LI,</strong></span> <span class='ocrx_word' id='word_1_147' title='bbox 562 2392 581 2456; x_wconf 85' lang='lat'>3</span> <span class='ocrx_word' id='word_1_148' title='bbox 605 2413 659 2476; x_wconf 90' lang='lat' dir='ltr'><strong>pro</strong></span> <span class='ocrx_word' id='word_1_149' title='bbox 672 2387 825 2478; x_wconf 74' lang='grc' dir='ltr'><strong><em>ψόφησις</em></strong></span> <span class='ocrx_word' id='word_1_150' title='bbox 848 2392 916 2456; x_wconf 89' lang='lat' dir='ltr'><strong>cod.</strong></span> <span class='ocrx_word' id='word_1_151' title='bbox 939 2392 1020 2457; x_wconf 80' lang='lat' dir='ltr'><strong>Plor.</strong></span> <span class='ocrx_word' id='word_1_152' title='bbox 1043 2382 1209 2474; x_wconf 72' lang='grc' dir='ltr'><strong>ψόφησιν.</strong></span> 
     </span>
     <span class='ocr_line' id='line_1_21' title="bbox 103 2492 1176 2580; baseline -0.007 -19"><span class='ocrx_word' id='word_1_153' title='bbox 103 2496 185 2580; x_wconf 86' lang='lat' dir='ltr'><strong>quod</strong></span> <span class='ocrx_word' id='word_1_154' title='bbox 208 2497 401 2561; x_wconf 91' lang='lat' dir='ltr'><strong>commendat</strong></span> <span class='ocrx_word' id='word_1_155' title='bbox 421 2498 456 2561; x_wconf 88' lang='lat' dir='ltr'><strong>V.</strong></span> <span class='ocrx_word' id='word_1_156' title='bbox 479 2498 515 2560; x_wconf 88' lang='lat' dir='ltr'><strong>[t.</strong></span> <span class='ocrx_word' id='word_1_157' title='bbox 539 2498 570 2559; x_wconf 92' lang='lat' dir='ltr'><strong>in</strong></span> <span class='ocrx_word' id='word_1_158' title='bbox 588 2496 691 2560; x_wconf 91' lang='lat' dir='ltr'><strong>Notitt.</strong></span> <span class='ocrx_word' id='word_1_159' title='bbox 714 2497 767 2561; x_wconf 89' lang='lat' dir='ltr'><strong>litt.</strong></span> <span class='ocrx_word' id='word_1_160' title='bbox 791 2496 910 2560; x_wconf 87' lang='lat' dir='ltr'><strong>hlonac.</strong></span> <span class='ocrx_word' id='word_1_161' title='bbox 954 2493 1037 2556; x_wconf 89' lang='grc'><strong>1842</strong></span> <span class='ocrx_word' id='word_1_162' title='bbox 1059 2513 1086 2574; x_wconf 92' lang='lat' dir='ltr'><strong>p.</strong></span> <span class='ocrx_word' id='word_1_163' title='bbox 1107 2492 1176 2556; x_wconf 89' lang='grc'><strong>143.</strong></span> 
     </span>
     <span class='ocr_line' id='line_1_22' title="bbox 185 2597 650 2683; baseline 0.004 -24"><span class='ocrx_word' id='word_1_164' title='bbox 185 2598 217 2659; x_wconf 92' lang='lat' dir='ltr'><strong>P.</strong></span> <span class='ocrx_word' id='word_1_165' title='bbox 241 2597 311 2679; x_wconf 88' lang='grc'>193,</span> <span class='ocrx_word' id='word_1_166' title='bbox 335 2598 374 2661; x_wconf 91' lang='grc'><strong>18</strong></span> <span class='ocrx_word' id='word_1_167' title='bbox 396 2616 456 2661; x_wconf 90' lang='lat' dir='ltr'><strong>scr.</strong></span> <span class='ocrx_word' id='word_1_168' title='bbox 478 2600 650 2683; x_wconf 81' lang='lat' dir='ltr'><strong>sagacitatis</strong></span> 
     </span>
    </p>
   </div>
   <div class='ocr_carea' id='block_1_8' title="bbox 102 2703 1213 3642">
    <p class='ocr_par' dir='ltr' id='par_1_8' title="bbox 102 2703 1213 3422">
     <span class='ocr_line' id='line_1_23' title="bbox 186 2703 1208 2802; baseline -0.02 -13"><span class='ocrx_word' id='word_1_169' title='bbox 186 2726 218 2789; x_wconf 93' lang='lat' dir='ltr'><strong>P.</strong></span> <span class='ocrx_word' id='word_1_170' title='bbox 240 2718 309 2786; x_wconf 91' lang='grc'>198.</span> <span class='ocrx_word' id='word_1_171' title='bbox 342 2718 463 2802; x_wconf 79' lang='lat' dir='ltr'><strong>Fragm.</strong></span> <span class='ocrx_word' id='word_1_172' title='bbox 485 2718 559 2780; x_wconf 90' lang='lat' dir='ltr'><strong>LXl.</strong></span> <span class='ocrx_word' id='word_1_173' title='bbox 588 2717 858 2782; x_wconf 84' lang='lat' dir='ltr'><strong>RecteSalmaaius</strong></span> <span class='ocrx_word' id='word_1_174' title='bbox 881 2714 1013 2779; x_wconf 78' lang='lat' dir='ltr'><strong>correxh</strong></span> <span class='ocrx_word' id='word_1_175' title='bbox 1033 2703 1208 2795; x_wconf 76' lang='grc' dir='ltr'><strong><em>κορσάτης,</em></strong></span> 
     </span>
     <span class='ocr_line' id='line_1_24' title="bbox 104 2812 1208 2912; baseline -0.016 -19"><span class='ocrx_word' id='word_1_176' title='bbox 104 2827 196 2912; x_wconf 78' lang='lat' dir='ltr'><strong>quod·</strong></span> <span class='ocrx_word' id='word_1_177' title='bbox 213 2825 359 2907; x_wconf 72' lang='lat' dir='ltr'><strong>Didymus</strong></span> <span class='ocrx_word' id='word_1_178' title='bbox 386 2821 425 2884; x_wconf 91' lang='lat' dir='ltr'><strong>ad</strong></span> <span class='ocrx_word' id='word_1_179' title='bbox 447 2812 575 2902; x_wconf 73' lang='grc' dir='ltr'><strong><em>κόρση,</em></strong></span> <span class='ocrx_word' id='word_1_180' title='bbox 595 2820 643 2884; x_wconf 91' lang='lat' dir='ltr'><strong>alii</strong></span> <span class='ocrx_word' id='word_1_181' title='bbox 671 2827 703 2883; x_wconf 91' lang='lat' dir='ltr'><strong>ut</strong></span> <span class='ocrx_word' id='word_1_182' title='bbox 730 2820 849 2883; x_wconf 85' lang='lat' dir='ltr'><strong>videtur</strong></span> <span class='ocrx_word' id='word_1_183' title='bbox 873 2816 912 2880; x_wconf 91' lang='lat' dir='ltr'><strong>ad</strong></span> <span class='ocrx_word' id='word_1_184' title='bbox 943 2816 1054 2881; x_wconf 89' lang='lat' dir='ltr'><strong>Corsas</strong></span> <span class='ocrx_word' id='word_1_185' title='bbox 1085 2812 1208 2877; x_wconf 89' lang='lat' dir='ltr'><strong>Ciliciae</strong></span> 
     </span>
     <span class='ocr_line' id='line_1_25' title="bbox 103 2914 1208 3005; baseline -0.014 -10"><span class='ocrx_word' id='word_1_186' title='bbox 103 2932 208 2997; x_wconf 87' lang='lat' dir='ltr'><strong>urbem</strong></span> <span class='ocrx_word' id='word_1_187' title='bbox 229 2923 426 2990; x_wconf 82' lang='lat' dir='ltr'><strong>revocabant.</strong></span> <span class='ocrx_word' id='word_1_188' title='bbox 472 2921 531 2986; x_wconf 85' lang='lat' dir='ltr'><strong>Cir.</strong></span> <span class='ocrx_word' id='word_1_189' title='bbox 555 2921 593 2986; x_wconf 91' lang='lat' dir='ltr'><strong>ad</strong></span> <span class='ocrx_word' id='word_1_190' title='bbox 607 2922 726 3005; x_wconf 78' lang='lat' dir='ltr'><strong>Fragm.</strong></span> <span class='ocrx_word' id='word_1_191' title='bbox 750 2922 833 2986; x_wconf 88' lang='lat' dir='ltr'><strong>Com.</strong></span> <span class='ocrx_word' id='word_1_192' title='bbox 847 2919 948 2984; x_wconf 79' lang='lat' dir='ltr'><strong>hnon.</strong></span> <span class='ocrx_word' id='word_1_193' title='bbox 970 2936 999 3001; x_wconf 91' lang='lat' dir='ltr'><strong>p.</strong></span> <span class='ocrx_word' id='word_1_194' title='bbox 1021 2914 1092 2979; x_wconf 78' lang='lat'><strong>657.</strong></span> <span class='ocrx_word' id='word_1_195' title='bbox 1126 2915 1208 2979; x_wconf 90' lang='lat' dir='ltr'><strong>For-</strong></span> 
     </span>
     <span class='ocr_line' id='line_1_26' title="bbox 104 3011 1208 3114; baseline -0.019 -16"><span class='ocrx_word' id='word_1_196' title='bbox 104 3042 187 3097; x_wconf 86' lang='lat' dir='ltr'><strong>tasse</strong></span> <span class='ocrx_word' id='word_1_197' title='bbox 208 3030 299 3114; x_wconf 83' lang='lat' dir='ltr'><strong>igitur</strong></span> <span class='ocrx_word' id='word_1_198' title='bbox 319 3026 350 3089; x_wconf 87' lang='lat' dir='ltr'><strong>iu</strong></span> <span class='ocrx_word' id='word_1_199' title='bbox 363 3024 506 3109; x_wconf 74' lang='lat' dir='ltr'><strong>Hesychii</strong></span> <span class='ocrx_word' id='word_1_200' title='bbox 528 3024 632 3106; x_wconf 82' lang='lat' dir='ltr'><strong>glossa</strong></span> <span class='ocrx_word' id='word_1_201' title='bbox 655 3027 734 3088; x_wconf 89' lang='lat' dir='ltr'><strong>inter</strong></span> <span class='ocrx_word' id='word_1_202' title='bbox 755 3015 876 3106; x_wconf 78' lang='grc' dir='ltr'><strong><em>κόρσης</em></strong></span> <span class='ocrx_word' id='word_1_203' title='bbox 897 3028 928 3084; x_wconf 92' lang='lat' dir='ltr'><strong>et</strong></span> <span class='ocrx_word' id='word_1_204' title='bbox 942 3011 1074 3102; x_wconf 77' lang='lat' dir='ltr'><strong>decas</strong></span> <span class='ocrx_word' id='word_1_205' title='bbox 1097 3014 1208 3096; x_wconf 90' lang='lat' dir='ltr'><strong>aliquid</strong></span> 
     </span>
     <span class='ocr_line' id='line_1_27' title="bbox 105 3118 1213 3211; baseline -0.016 -14"><span class='ocrx_word' id='word_1_206' title='bbox 105 3133 232 3211; x_wconf 82' lang='lat' dir='ltr'><strong>excidit,</strong></span> <span class='ocrx_word' id='word_1_207' title='bbox 256 3151 283 3194; x_wconf 89' lang='lat' dir='ltr'><strong>e.</strong></span> <span class='ocrx_word' id='word_1_208' title='bbox 308 3148 334 3191; x_wconf 92' lang='lat' dir='ltr'><strong>c.</strong></span> <span class='ocrx_word' id='word_1_209' title='bbox 358 3119 455 3187; x_wconf 77' lang='grc' dir='ltr'><strong><em>ἄλλοι</em></strong></span> <span class='ocrx_word' id='word_1_210' title='bbox 476 3122 511 3187; x_wconf 78' lang='lat' dir='ltr'><strong>di</strong></span> <span class='ocrx_word' id='word_1_211' title='bbox 534 3118 694 3198; x_wconf 78' lang='grc' dir='ltr'><strong>Κιλίκιος.</strong></span> <span class='ocrx_word' id='word_1_212' title='bbox 722 3125 890 3188; x_wconf 85' lang='lat' dir='ltr'><strong>Fatendum</strong></span> <span class='ocrx_word' id='word_1_213' title='bbox 918 3129 1019 3184; x_wconf 87' lang='lat' dir='ltr'><strong>tamen</strong></span> <span class='ocrx_word' id='word_1_214' title='bbox 1042 3119 1081 3183; x_wconf 90' lang='lat' dir='ltr'><strong>dc</strong></span> <span class='ocrx_word' id='word_1_215' title='bbox 1104 3119 1213 3187; x_wconf 9' lang='lat' dir='ltr'><strong>Corsis?</strong></span> 
     </span>
     <span class='ocr_line' id='line_1_28' title="bbox 106 3219 1206 3313; baseline -0.02 -11"><span class='ocrx_word' id='word_1_216' title='bbox 106 3236 226 3307; x_wconf 83' lang='lat' dir='ltr'><strong>Ciliciae</strong></span> <span class='ocrx_word' id='word_1_217' title='bbox 260 3230 371 3313; x_wconf 89' lang='lat' dir='ltr'><strong>oppido</strong></span> <span class='ocrx_word' id='word_1_218' title='bbox 404 3229 525 3293; x_wconf 89' lang='lat' dir='ltr'><strong>aliunde</strong></span> <span class='ocrx_word' id='word_1_219' title='bbox 559 3227 631 3290; x_wconf 88' lang='lat' dir='ltr'><strong>nihil</strong></span> <span class='ocrx_word' id='word_1_220' title='bbox 667 3234 818 3295; x_wconf 88' lang='lat' dir='ltr'><strong>constare.</strong></span> <span class='ocrx_word' id='word_1_221' title='bbox 855 3224 914 3290; x_wconf 81' lang='grc'>811.</span> <span class='ocrx_word' id='word_1_222' title='bbox 942 3222 1075 3289; x_wconf 87' lang='lat' dir='ltr'><strong>Lobeck.</strong></span> <span class='ocrx_word' id='word_1_223' title='bbox 1125 3219 1206 3282; x_wconf 90' lang='lat' dir='ltr'><strong>Path.</strong></span> 
     </span>
     <span class='ocr_line' id='line_1_29' title="bbox 102 3332 265 3422; baseline -0.043 -20"><span class='ocrx_word' id='word_1_224' title='bbox 102 3358 171 3422; x_wconf 83' lang='lat' dir='ltr'><strong>pag.</strong></span> <span class='ocrx_word' id='word_1_225' title='bbox 194 3332 265 3397; x_wconf 80' lang='grc'>314.</span> 
     </span>
    </p>

    <p class='ocr_par' dir='ltr' id='par_1_9' title="bbox 103 3432 1208 3642">
     <span class='ocr_line' id='line_1_30' title="bbox 187 3432 1207 3530; baseline -0.024 -11"><span class='ocrx_word' id='word_1_226' title='bbox 187 3456 219 3519; x_wconf 88' lang='lat' dir='ltr'><strong>P.</strong></span> <span class='ocrx_word' id='word_1_227' title='bbox 242 3451 313 3530; x_wconf 88' lang='grc'>199,</span> <span class='ocrx_word' id='word_1_228' title='bbox 335 3451 365 3513; x_wconf 92' lang='grc'><strong>4.</strong></span> <span class='ocrx_word' id='word_1_229' title='bbox 410 3451 493 3515; x_wconf 88' lang='lat' dir='ltr'><strong>llaec</strong></span> <span class='ocrx_word' id='word_1_230' title='bbox 515 3450 554 3513; x_wconf 87' lang='lat' dir='ltr'><strong>ita</strong></span> <span class='ocrx_word' id='word_1_231' title='bbox 576 3449 678 3513; x_wconf 88' lang='lat' dir='ltr'><strong>scribe</strong></span> <span class='ocrx_word' id='word_1_232' title='bbox 706 3446 761 3525; x_wconf 81' lang='lat' dir='ltr'><strong>„ln</strong></span> <span class='ocrx_word' id='word_1_233' title='bbox 784 3444 928 3524; x_wconf 75' lang='lat' dir='ltr'><strong>Hesychii</strong></span> <span class='ocrx_word' id='word_1_234' title='bbox 949 3442 1053 3525; x_wconf 78' lang='lat' dir='ltr'><strong>glossa</strong></span> <span class='ocrx_word' id='word_1_235' title='bbox 1075 3456 1130 3518; x_wconf 89' lang='lat' dir='ltr'><strong>pro</strong></span> <span class='ocrx_word' id='word_1_236' title='bbox 1153 3432 1207 3496; x_wconf 84' lang='grc' dir='ltr'><em>λε’-</em></span> 
     </span>
     <span class='ocr_line' id='line_1_31' title="bbox 103 3529 1208 3642; baseline -0.021 -22"><span class='ocrx_word' id='word_1_237' title='bbox 103 3574 172 3642; x_wconf 74' lang='lat' dir='ltr'><strong>yam</strong></span> <span class='ocrx_word' id='word_1_238' title='bbox 199 3552 392 3618; x_wconf 88' lang='lat' dir='ltr'><strong>scribendum</strong></span> <span class='ocrx_word' id='word_1_239' title='bbox 421 3547 520 3629; x_wconf 74' lang='lat' dir='ltr'><strong>prisia</strong></span> <span class='ocrx_word' id='word_1_240' title='bbox 547 3549 596 3612; x_wconf 82' lang='lat' dir='ltr'><strong>uel</strong></span> <span class='ocrx_word' id='word_1_241' title='bbox 624 3541 734 3634; x_wconf 78' lang='grc' dir='ltr'><strong>ᾄδειν,</strong></span> <span class='ocrx_word' id='word_1_242' title='bbox 765 3546 873 3615; x_wconf 91' lang='lat' dir='ltr'><strong>deictis</strong></span> <span class='ocrx_word' id='word_1_243' title='bbox 902 3543 1005 3613; x_wconf 77' lang='lat' dir='ltr'><strong>verbis</strong></span> <span class='ocrx_word' id='word_1_244' title='bbox 1030 3529 1208 3621; x_wconf 77' lang='grc' dir='ltr'><strong>μασχάλην</strong></span> 
     </span>
    </p>
   </div>
   <div class='ocr_carea' id='block_1_9' title="bbox 104 3645 1207 3836">
    <p class='ocr_par' dir='ltr' id='par_1_10' title="bbox 104 3645 1207 3836">
     <span class='ocr_line' id='line_1_32' title="bbox 104 3645 635 3745; baseline -0.024 -20"><span class='ocrx_word' id='word_1_245' title='bbox 104 3658 208 3745; x_wconf 73' lang='grc' dir='ltr'><strong><em>αἴρειν</em></strong></span> <span class='ocrx_word' id='word_1_246' title='bbox 227 3649 304 3719; x_wconf 78' lang='lat' dir='ltr'><strong>cirri</strong></span> <span class='ocrx_word' id='word_1_247' title='bbox 323 3650 384 3719; x_wconf 82' lang='lat' dir='ltr'><strong>soi</strong></span> <span class='ocrx_word' id='word_1_248' title='bbox 403 3645 635 3727; x_wconf 60' lang='lat' dir='ltr'><strong>acdoaiieml’</strong></span> 
     </span>
     <span class='ocr_line' id='line_1_33' title="bbox 188 3743 1207 3836; baseline -0.012 -15"><span class='ocrx_word' id='word_1_249' title='bbox 188 3761 219 3822; x_wconf 91' lang='lat' dir='ltr'><strong>P.</strong></span> <span class='ocrx_word' id='word_1_250' title='bbox 242 3757 316 3836; x_wconf 87' lang='grc'><strong>204,</strong></span> <span class='ocrx_word' id='word_1_251' title='bbox 339 3756 360 3818; x_wconf 94' lang='grc'>8</span> <span class='ocrx_word' id='word_1_252' title='bbox 383 3774 461 3819; x_wconf 88' lang='lat' dir='ltr'><strong>corr.</strong></span> <span class='ocrx_word' id='word_1_253' title='bbox 476 3746 605 3815; x_wconf 82' lang='grc' dir='ltr'><strong><em>Ὄκνου</em></strong></span> <span class='ocrx_word' id='word_1_254' title='bbox 627 3771 681 3833; x_wconf 91' lang='lat' dir='ltr'><strong>pro</strong></span> <span class='ocrx_word' id='word_1_255' title='bbox 703 3743 784 3812; x_wconf 82' lang='grc' dir='ltr'>ὄνου</span> <span class='ocrx_word' id='word_1_256' title='bbox 826 3749 845 3813; x_wconf 95' lang='grc'><strong>1.</strong></span> <span class='ocrx_word' id='word_1_257' title='bbox 870 3746 907 3809; x_wconf 91' lang='grc'><strong>13</strong></span> <span class='ocrx_word' id='word_1_258' title='bbox 929 3762 990 3811; x_wconf 84' lang='lat' dir='ltr'><strong>tcr.</strong></span> <span class='ocrx_word' id='word_1_259' title='bbox 1013 3744 1103 3811; x_wconf 86' lang='lat' dir='ltr'><strong>Phoc.</strong></span> <span class='ocrx_word' id='word_1_260' title='bbox 1126 3743 1207 3809; x_wconf 86' lang='grc'><strong>292</strong></span> 
     </span>
    </p>
   </div>
   <div class='ocr_carea' id='block_1_10' title="bbox 105 3862 1209 4266">
    <p class='ocr_par' dir='ltr' id='par_1_11' title="bbox 105 3862 1209 4160">
     <span class='ocr_line' id='line_1_34' title="bbox 188 3862 1206 3956; baseline -0.014 -18"><span class='ocrx_word' id='word_1_261' title='bbox 188 3877 220 3938; x_wconf 92' lang='grc' dir='ltr'><strong>Ρ.</strong></span> <span class='ocrx_word' id='word_1_262' title='bbox 243 3874 315 3938; x_wconf 81' lang='grc'>2119.</span> <span class='ocrx_word' id='word_1_263' title='bbox 358 3873 477 3956; x_wconf 79' lang='lat' dir='ltr'><strong>Fragm.</strong></span> <span class='ocrx_word' id='word_1_264' title='bbox 499 3872 625 3935; x_wconf 89' lang='lat' dir='ltr'><strong>XClllll.</strong></span> <span class='ocrx_word' id='word_1_265' title='bbox 669 3869 799 3933; x_wconf 91' lang='lat' dir='ltr'><strong>Pollucis</strong></span> <span class='ocrx_word' id='word_1_266' title='bbox 821 3866 916 3931; x_wconf 84' lang='lat' dir='ltr'><strong>uerba</strong></span> <span class='ocrx_word' id='word_1_267' title='bbox 938 3863 1043 3929; x_wconf 91' lang='lat' dir='ltr'><strong>lorsan</strong></span> <span class='ocrx_word' id='word_1_268' title='bbox 1063 3865 1105 3926; x_wconf 90' lang='lat' dir='ltr'><strong>lta</strong></span> <span class='ocrx_word' id='word_1_269' title='bbox 1126 3862 1206 3926; x_wconf 90' lang='lat' dir='ltr'><strong>sori-</strong></span> 
     </span>
     <span class='ocr_line' id='line_1_35' title="bbox 105 3961 1206 4058; baseline -0.015 -13"><span class='ocrx_word' id='word_1_270' title='bbox 105 3979 206 4047; x_wconf 81' lang='lat' dir='ltr'><strong>tenda</strong></span> <span class='ocrx_word' id='word_1_271' title='bbox 217 3973 256 4042; x_wconf 78' lang='grc' dir='ltr'><strong>τὸ</strong></span> <span class='ocrx_word' id='word_1_272' title='bbox 274 3972 308 4039; x_wconf 74' lang='lat' dir='ltr'><strong>di</strong></span> <span class='ocrx_word' id='word_1_273' title='bbox 320 3969 527 4058; x_wconf 65' lang='lat' dir='ltr'><strong>despumare</strong></span> <span class='ocrx_word' id='word_1_274' title='bbox 550 3967 703 4048; x_wconf 77' lang='grc' dir='ltr'><strong><em>ὑλίζετο</em></strong></span> <span class='ocrx_word' id='word_1_275' title='bbox 726 3966 933 4055; x_wconf 69' lang='lat' dir='ltr'><strong>colchicae</strong></span> <span class='ocrx_word' id='word_1_276' title='bbox 954 3961 1020 4051; x_wconf 79' lang='grc' dir='ltr'><strong>ἔφη</strong></span> <span class='ocrx_word' id='word_1_277' title='bbox 1034 3964 1206 4048; x_wconf 79' lang='grc' dir='ltr'><strong>Κρατῖνος.</strong></span> 
     </span>
     <span class='ocr_line' id='line_1_36' title="bbox 253 4066 1209 4160; baseline -0.016 -19"><span class='ocrx_word' id='word_1_278' title='bbox 253 4077 328 4141; x_wconf 90' lang='lat' dir='ltr'><strong>ibid.</strong></span> <span class='ocrx_word' id='word_1_279' title='bbox 358 4078 478 4160; x_wconf 79' lang='lat' dir='ltr'><strong>Fragm.</strong></span> <span class='ocrx_word' id='word_1_280' title='bbox 503 4076 559 4139; x_wconf 90' lang='grc'>811.</span> <span class='ocrx_word' id='word_1_281' title='bbox 604 4074 756 4157; x_wconf 79' lang='lat' dir='ltr'><strong>Integrum</strong></span> <span class='ocrx_word' id='word_1_282' title='bbox 787 4072 898 4135; x_wconf 86' lang='lat' dir='ltr'><strong>Cratini</strong></span> <span class='ocrx_word' id='word_1_283' title='bbox 925 4086 1046 4132; x_wconf 88' lang='lat' dir='ltr'><strong>versum</strong></span> <span class='ocrx_word' id='word_1_284' title='bbox 1076 4066 1209 4131; x_wconf 81' lang='lat' dir='ltr'><strong>servavit</strong></span> 
     </span>
    </p>

    <p class='ocr_par' dir='ltr' id='par_1_12' title="bbox 107 4156 1208 4266">
     <span class='ocr_line' id='line_1_37' title="bbox 107 4156 1208 4266; baseline -0.023 -18"><span class='ocrx_word' id='word_1_285' title='bbox 107 4183 214 4266; x_wconf 80' lang='lat' dir='ltr'><strong>opinor</strong></span> <span class='ocrx_word' id='word_1_286' title='bbox 247 4176 436 4259; x_wconf 73' lang='lat' dir='ltr'><strong>Hesychius,</strong></span> <span class='ocrx_word' id='word_1_287' title='bbox 470 4169 710 4260; x_wconf 70' lang='grc' dir='ltr'><strong>Ἠυόρωμὲνηε</strong></span> <span class='ocrx_word' id='word_1_288' title='bbox 748 4165 870 4255; x_wconf 74' lang='grc' dir='ltr'><strong><em>ἀνδρὸς</em></strong></span> <span class='ocrx_word' id='word_1_289' title='bbox 902 4166 1122 4252; x_wconf 72' lang='grc' dir='ltr'><strong>πεπειραμένη</strong></span> <span class='ocrx_word' id='word_1_290' title='bbox 1154 4156 1208 4223; x_wconf 83' lang='grc' dir='ltr'><strong><em>Ἡ</em></strong></span> 
     </span>
    </p>
   </div>
   <div class='ocr_carea' id='block_1_11' title="bbox 0 0 1490 4634">
    <p class='ocr_par' dir='ltr' id='par_1_13' title="bbox 0 0 1490 4634">
     <span class='ocr_line' id='line_1_38' title="bbox 0 0 1490 4634; baseline 0 0"><span class='ocrx_word' id='word_1_291' title='bbox 0 0 1490 4634; x_wconf 95' lang='lat' dir='ltr'><strong> </strong></span> 
     </span>
    </p>
   </div>
  </div>
 </body>
</html>
