2874 4638
378 316 415 370 ab
434 316 584 370 AVGVSTVE
605 316 770 370 struunt!
789 318 929 371 uersatur
1165 319 1213 374 vn

107 492 172 536 rore
194 492 402 560 perseverare.
450 469 592 538 Errarem
613 481 747 553 autem,
762 473 787 537 si
809 469 987 537 huiusmodi
1007 468 1120 536 librum
1142 494 1213 560 per·

108 576 258 641 lanctorie
287 586 332 656 et,
366 576 460 641 modo
487 575 586 642 obiter
613 575 770 644 evolventi
796 577 894 665 prima
922 584 1080 665 postrema
1110 576 1213 642 inesse

106 681 292 762 viderentur,
314 680 435 747 absolvi
456 683 595 771 potuisse
616 691 769 773 putarem.
811 679 929 747 Vetant
950 681 1031 746 enirn
1054 682 1213 771 proposita

106 784 222 874 aliquot
244 789 369 877 egregia
392 789 422 852 in
444 786 508 852 boc
529 810 644 876 genere
665 787 704 854 ad
726 785 909 853 imitandum
931 785 1094 876 exempla,
1126 795 1214 854 vetat

106 890 216 957 borum
239 893 414 959 studiorum
438 891 538 980 qualis
560 893 622 958 boc
643 890 771 959 saeculo
797 916 854 982 per
879 890 1139 980 incomparabiles
1166 892 1214 957 vi·

106 1018 155 1062 ros
177 999 353 1087 composita
376 1006 407 1063 et
434 1007 582 1063 exornata
611 1008 660 1064 est
685 996 738 1064 lex
765 1006 798 1064 et
823 997 917 1078 ratio,
945 1005 1031 1063 vetat
1058 996 1120 1063 Tui
1146 995 1213 1062 libri

105 1104 230 1168 materia
255 1111 287 1168 et
309 1124 370 1183 ars,
395 1102 506 1168 barum
527 1101 727 1190 reliquiarum
748 1103 876 1170 ubertas
898 1111 930 1168 et
951 1102 1056 1191 copia:
1090 1110 1135 1182 ut,
1156 1101 1214 1166 nisi

105 1206 227 1297 singula
251 1217 283 1274 et
304 1209 458 1290 universa,
480 1210 617 1274 maxima
632 1209 769 1289 minima,
791 1208 967 1299 gravissimi
988 1206 1133 1297 ponderis
1156 1227 1214 1271 vo·

104 1311 215 1378 cabula
240 1315 503 1402 tenuissimusque
525 1312 671 1394 voculas,
697 1312 835 1402 undique
857 1311 1009 1395 locorum,
1035 1311 1215 1400 ubicunque

105 1415 259 1506 legantur,
282 1420 349 1483 sive
370 1420 520 1484 rationem
543 1417 737 1508 singulorum
761 1420 953 1508 assequaris,
980 1419 1047 1485 sive
1069 1417 1160 1484 dubia
1183 1426 1214 1483 et

103 1521 237 1589 obscura
255 1522 476 1611 relinquantur,
499 1522 662 1614 collegeris
678 1524 868 1614 disposueris
883 1523 1108 1613 composueris,
1130 1520 1215 1587 baud

105 1625 194 1693 lacile
215 1631 285 1695 sine
307 1650 381 1695 cura
405 1638 437 1695 et
458 1627 674 1696 sollicitatione
696 1629 834 1696 futurum
856 1627 1214 1719 intellegentiasimorum

103 1734 380 1821 grammaticorum
401 1733 548 1799 iudicium
569 1743 737 1825 expectare
758 1733 858 1802 liceat
894 1731 1009 1825 Neque
1030 1742 1135 1799 tamen
1158 1754 1214 1797 va·

104 1858 163 1902 nus
184 1837 236 1905 hic
259 1847 362 1904 metus
384 1847 441 1918 est,
461 1847 497 1903 ut
519 1838 706 1929 optimorum
733 1840 872 1906 virorum
900 1839 939 1906 de
964 1839 1027 1906 hoc
1053 1836 1131 1904 libro
1158 1860 1214 1904 ex·

105 1944 271 2035 pectationi
293 1943 532 2033 respondeatur:
561 1966 662 2034 neque
682 1947 780 2036 ipsius
803 1945 969 2012 voluminis
990 1943 1125 2010 ambitus
1147 1943 1214 2009 cui·

105 2069 199 2135 quam
219 2052 376 2137 imponet,
397 2048 531 2136 ‘quando
553 2049 625 2116 data
648 2072 742 2140 opera
765 2063 798 2119 et
818 2054 896 2118 inter
917 2051 1091 2117 studiorum
1113 2049 1213 2114 conti·

105 2174 184 2218 nuos
206 2153 341 2235 labores,
363 2176 444 2242 quae
465 2154 569 2221 inesse
584 2155 698 2224 debere
712 2158 877 2247 putaverit,
901 2156 1027 2234 omissa,
1048 2176 1130 2241 quae
1152 2174 1212 2219 suo

105 2254 174 2324 laco
195 2260 314 2349 posita,
348 2257 458 2341 alieno,
491 2282 575 2351 quae
597 2284 670 2328 cum
693 2261 801 2327 vicinis
823 2268 907 2326 recte
929 2259 1114 2345 composita,
1146 2259 1215 2322 vin·

105 2362 181 2429 culis
203 2362 324 2445 soluta,
357 2366 482 2432 omnino
511 2388 659 2455 magnam
687 2375 808 2461 partem
832 2366 875 2431 ita
899 2362 1146 2431 administratam
1167 2362 1213 2426 in·

107 2472 232 2553 venerit,
255 2478 289 2536 ut
310 2470 393 2536 viam
415 2491 454 2536 ac
476 2471 628 2536 rationem
649 2468 760 2536 deesse
782 2479 940 2561 appareat.

187 2574 290 2667 lpsius
311 2573 380 2640 libri
406 2575 431 2638 si
459 2574 529 2661 quis
557 2573 689 2640 lroatem
716 2576 859 2663 aspiciat,
893 2574 1044 2643 Comicae
1071 2572 1213 2639 dictionis

107 2678 237 2749 iadicem
260 2703 335 2770 prae
356 2702 392 2745 se
414 2679 491 2744 lert:
520 2679 587 2744 eius
608 2678 696 2744 vocis
718 2682 870 2767 quaevis
892 2704 963 2748 esse
985 2679 1135 2759 videatur,
1155 2699 1212 2767 pro

108 2788 204 2871 varia,
239 2807 302 2875 qua
329 2785 399 2874 quis
427 2784 580 2850 eiusmodi
605 2783 712 2850 indicis
740 2790 785 2852 uti
812 2786 946 2852 voluerit
972 2784 1212 2875 opportunitate,

108 2892 207 2957 varias
230 2887 396 2979 explicabit
417 2891 560 2957 rationes.
603 2886 687 2955 Nam
709 2891 776 2956 sive
798 2914 894 2981 quam
920 2913 1048 2971 vocem,
1074 2890 1100 2955 si
1128 2886 1213 2977 quod

110 2994 308 3074 vocabulum,
332 2996 357 3060 si
380 2995 453 3084 quid
477 2995 643 3061 extractis
665 3018 799 3084 graecae
821 2997 1003 3063 comoediae
1017 2993 1131 3062 tabulis
1146 3016 1213 3060 me·

110 3098 258 3166 motabile
280 3099 393 3166 alicubi
415 3101 574 3181 invenerit,
597 3099 680 3189 quod
702 3101 803 3167 inesse
825 3104 883 3193 ipsi
905 3103 990 3194 operi
1012 3109 1115 3192 putet,
1136 3098 1214 3166 indi·

111 3204 152 3268 eis
174 3226 235 3295 ope
255 3207 323 3295 ipsa
346 3216 468 3295 reperto
491 3204 562 3272 loco
585 3214 750 3272 contentus
772 3209 843 3272 erit:
865 3210 983 3274 sivein
1007 3205 1214 3295 Aristophane

111 3321 252 3377 versatur
273 3310 535 3401 explorandisque
561 3309 769 3401 singularibus
791 3312 884 3378 huius
905 3315 1018 3404 ingenii
1039 3310 1214 3386 virtutibus,

112 3416 219 3503 ecquid
240 3415 397 3505 peculiare
419 3417 537 3483 bonurn
560 3415 633 3482 huic
656 3425 768 3506 qroetae
797 3416 993 3485 tribuendum
1021 3420 1073 3497 sit,
1101 3413 1216 3505 ecquid

112 3537 275 3587 commune
296 3520 412 3589 habeat
439 3545 512 3589 cum
535 3521 661 3611 reliquis
681 3521 838 3590 humanae
861 3525 943 3590 vitae
970 3523 1010 3590 de
1030 3544 1126 3589 scena
1147 3522 1216 3587 imi·

113 3625 272 3708 tatoribus,
299 3627 424 3694 indicari
452 3628 514 3693 hoc
539 3627 617 3693 libro
639 3627 767 3693 iubebit:
799 3631 867 3696 sive
893 3631 1075 3696 universum
1103 3627 1215 3693 trorum

115 3742 271 3813 poetarum
288 3731 409 3799 dicendi
425 3756 518 3800 usum
541 3754 734 3822 cognoscere
755 3734 868 3815 studet,
891 3744 927 3800 ut
948 3733 1051 3801 velia
1074 3733 1217 3799 minutia·

118 3831 195 3901 siruis
216 3837 309 3904 rebus
330 3826 458 3928 linguae
480 3837 714 3928 litterarumque
736 3841 918 3906 memoriam
934 3839 1100 3906 exhaurire
1113 3837 1217 3918 liceat,

121 3932 203 4006 huius
225 3942 291 4011 libri
313 3944 424 4009 indicio
448 3945 491 4010 uti
513 3943 615 4010 volet:
648 3945 779 4033 denique
801 3948 831 4011 in
854 3944 984 4034 singulis
1003 3947 1143 4035 ipsarum
1167 3966 1216 4008 re·

117 4036 274 4131 liquiarruu
297 4048 400 4115 verbis
423 4050 489 4116 sive
512 4050 734 4128 examinandis,
764 4051 830 4118 sive
853 4049 1071 4119 confirmandis
1092 4055 1219 4112 mutan-
