2964 4634
323 335 478 403 Anemo
500 343 532 403 er
555 336 744 425 συνῄρετο
767 346 807 410 m
830 344 896 412 vor.
920 351 957 422 n.
978 348 1009 416 n.
1034 347 1064 416 t.
1205 354 1246 426 rt

225 502 257 566 P.
281 504 345 569 666
370 507 687 578 reomensem
710 516 748 579 nd
771 516 885 582 Phoen.
907 520 983 585 412.
1026 520 1069 585 22
1090 542 1171 591 eorr.
1195 544 1250 593 ns·

138 604 250 671 siderite

226 711 259 772 P.
283 708 347 770 590
372 704 412 771 to
433 729 494 776 sor.
516 734 586 779 enm
608 716 648 782 ob
670 734 809 783 caussam

225 811 257 873 P.
281 811 354 874 590.
393 813 554 897 Ptryoiotri
575 820 695 903 Pragm.
718 821 783 884 ttttt
804 825 844 886 ito
865 826 1026 891 restituere
1049 833 1177 893 conatus
1199 839 1250 896 est

141 912 277 976 Cobetus
299 913 419 977 observ.
444 920 508 982 crit.
530 921 560 983 in
584 921 700 986 Platon.
725 943 803 988 com.
827 944 856 1007 p.
878 926 936 990 39:

137 1006 239 1098 ψόρον
266 1011 302 1076 n
323 1012 534 1099 Συρακόσιον
554 1023 699 1107 κατέχοι,
723 1029 888 1109 τρυγικοῖς
908 1021 1018 1111 ἐφάνη
1039 1027 1103 1117 γὰρ
1123 1023 1253 1099 ἅπασιν

138 1114 226 1200 μέγα
248 1114 345 1199 πῆμα
364 1122 525 1202 χοροῖσιν,
546 1116 701 1209 ἀφείλετο
716 1124 779 1213 γὰρ
793 1128 962 1217 κωμῳδεῖν
974 1124 1032 1208 oir'e
1044 1129 1251 1221 ἐπεθύμουν.

224 1220 257 1283 Ρ.
281 1221 350 1283 etit.
374 1222 424 1287 Pr.
446 1225 483 1287 X.
505 1244 564 1290 scr.
591 1223 752 1306 Θηλάζτνε

224 1322 256 1385 P.
284 1323 360 1387 592.
407 1326 529 1411 Pragm.
555 1330 621 1392 xnr
658 1332 791 1398 Cobotes
819 1336 838 1398 t.
868 1337 889 1400 t.
917 1355 947 1419 p.
974 1335 1016 1398 43
1045 1338 1084 1403 ar
1119 1345 1250 1411 eandem

138 1420 312 1505 ttonotropi
339 1429 508 1493 orationem
536 1432 632 1496 refert
655 1453 694 1497 ex
717 1453 775 1515 qne
800 1435 848 1497 Fr.
872 1437 884 1499 t
907 1438 1028 1502 ductum
1051 1448 1108 1505 est
1152 1445 1251 1511 ttinns

137 1525 236 1605 probo
259 1528 339 1610 quod
363 1530 463 1594 eiecto
485 1531 590 1616 γέρων
611 1537 732 1617 scripsit
753 1533 943 1614 τηλικοῦτος
963 1534 1021 1616 ὠύ,
1042 1535 1146 1617 ἅπαις
1166 1539 1251 1626 ἆγύ.

137 1644 261 1703 νοικος.
293 1630 325 1692 tn
348 1649 409 1713 quo
432 1634 621 1701 Valckenarii
644 1641 841 1703 temeritatem
864 1643 993 1707 imitatos
1017 1651 1075 1724 est,
1098 1648 1148 1727 qni
1171 1651 1250 1729 oport

137 1729 256 1795 Ptralar.
285 1751 314 1815 p.
336 1734 378 1797 46
401 1731 461 1800 οὐκ
489 1733 558 1823 ἄρα
586 1733 698 1828 σοι’σμ
722 1739 843 1820 -τῆς
872 1739 1039 1831 ἀκρασίας
1061 1746 1252 1827 τηλικοῦτος

139 1829 252 1915 γέρων,
274 1843 458 1917 postremam
479 1861 587 1906 vocem
613 1843 734 1908 obiecit.
780 1846 873 1920 Quasi
896 1866 959 1912 non
981 1858 1067 1914 recte
1090 1852 1150 1917 dici
1171 1874 1248 1936 pos-

139 1935 179 2000 sit
202 1942 271 1999 tam
293 1950 502 2018 provectae
526 1947 668 2008 aetatis
692 1965 822 2009 senex.

226 2040 259 2101 P.
282 2038 358 2101 592.
403 2041 449 2103 οο
473 2043 630 2124 Phrynichi
652 2046 746 2109 ttusis
770 2048 851 2110 cont.
874 2049 1066 2129 Wetetrernm
1090 2055 1180 2139 trag.
1204 2079 1251 2142 gr.

137 2139 150 2203 t
176 2187 184 2203 .
209 2139 274 2202 259
296 2159 342 2225 sq.
363 2133 482 2209 ‘contra
505 2162 595 2223 quern
620 2146 791 2227 disputasse
814 2149 909 2221 tortor
931 2153 964 2215 C.
987 2154 1036 2216 Fr.
1060 2154 1251 2231 Hermannus

135 2244 169 2307 in
189 2243 252 2307 iod.
276 2243 346 2308 teet.
371 2253 447 2309 aest.
473 2245 557 2308 1840
578 2242 741 2335 tremum!
771 2250 807 2313 H.
831 2250 852 2314 t.

226 2346 259 2409 P.
282 2347 345 2408 595
367 2347 390 2410 4
411 2366 466 2429 pro
491 2350 578 2413 Ran.
602 2371 719 2434 repone
740 2353 804 2417 Av.

225 2448 301 2513 thid.
321 2450 351 2513 5.
395 2451 519 2516 Lociani
541 2461 611 2518 sunt
633 2474 696 2520 non
719 2457 826 2521 cornici
849 2463 960 2537 poetae
981 2477 1100 2525 versut.

225 2551 258 2614 P.
282 2551 345 2614 596
367 2553 405 2617 Vt
428 2556 493 2620 Ser.
520 2549 734 2639 Φρύνιχος-
753 2557 1009 2641 κεκτημένον
1029 2556 1251 2646 ὠνόμασεν

225 2653 257 2719 Ρ.
280 2654 355 2718 600.
395 2650 534 2742 ‘Progrn
557 2658 592 2721 V.
617 2659 685 2723 tort.
709 2663 749 2724 ita
772 2661 904 2725 scribas:

265 2750 319 2819 Σὺ
340 2754 375 2819 δὲ
397 2754 599 2840 τιμτοττώλης
619 2755 664 2835 ὠς
683 2755 843 2845 Ἀχιλλεὺς
863 2758 1001 2842 οὖδτνός

137 2852 170 2917 tr.
192 2872 221 2919 e.
244 2860 290 2921 rei
313 2876 392 2940 qnae
414 2861 495 2925 nitriti
518 2859 587 2926 est.'
609 2864 646 2928 tt.
669 2866 691 2929 t.

290 2961 332 3024 n.
356 2961 376 3024 t.
399 2961 419 3024 ⁷
440 2967 521 3029 τουτ’.
543 2967 629 3031 tibris

226 3062 259 3125 P.
279 3062 342 3125 602
365 3064 417 3128 24.
461 3067 546 3132 tineo
567 3071 607 3132 ita
631 3071 748 3136 scribe:
776 3073 895 3136 Eodem
924 3075 1055 3156 pertinet
1083 3071 1252 3139 Philostrati

139 3160 252 3227 «timeor
274 3164 415 3249 reginam
438 3186 544 3249 aquom
567 3161 681 3235 ἵππων
701 3170 804 3257 γῆρας
825 3192 897 3239 esse
920 3176 1049 3240 dicentis
1071 3174 1128 3239 vn.
1150 3177 1252 3258 Apott.

139 3264 162 3330 t.
186 3285 215 3347 p.
238 3267 293 3330 20.

226 3369 258 3432 P.
282 3370 346 3432 604
367 3371 417 3435 ΙΧ.
442 3375 547 3438 Poltux
568 3377 608 3439 lv
632 3376 709 3439 181:

226 3471 258 3534 P.
281 3472 354 3537 605.
403 3475 562 3559 Phrynichi
596 3480 645 3542 Fr.
671 3480 712 3542 Xt
739 3482 818 3559 (pro
847 3472 927 3561 ὑπὲρ
963 3477 1156 3542 scribendum
1189 3488 1254 3544 erat

144 3559 242 3658 ὅπερ)
266 3576 457 3641 Hermannns
478 3579 556 3661 apud
579 3581 752 3645 Ditbnernm
775 3581 813 3643 nd
834 3580 935 3644 Sciret.
951 3580 1045 3642 Arist.
1062 3580 1128 3644 Por.
1144 3600 1174 3663 p.
1189 3582 1254 3646 452

142 3678 184 3741 ita
214 3679 340 3763 corrigit
366 3674 550 3764 τριώβολον
576 3676 603 3762 γ’
632 3673 778 3767 ὅσουπερ
806 3674 990 3763 ἡλιόζομοτ.
1038 3681 1088 3745 Pr.
1114 3682 1170 3748 Xtt
1195 3705 1254 3750 συ-

143 3778 334 3864 βοριοσμόρ
360 3785 466 3865 scripsi
495 3805 534 3849 ex
561 3787 638 3851 tien.
672 3804 728 3868 pro
760 3776 985 3866 ovttapmprtc»
1017 3785 1099 3864 qnod
1127 3789 1253 3869 prinam

142 3884 275 3965 corripit.
320 3882 399 3948 ttine
425 3882 639 3971 ουβοριοῐζκυ
665 3905 721 3972 pro
752 3882 942 3970 συβαρίζειν
962 3888 1157 3954 scribendum
1182 3900 1253 3973 puto

141 4004 190 4068 ap.
214 3982 370 4065 Aristoph.
394 3994 463 4055 Pae.
485 3990 558 4055 343.

227 4089 260 4152 Ρ-
282 4088 345 4151 607
373 4097 425 4162 err.
466 4089 653 4159 ‘scholiasta
682 4095 737 4158 Ar.
764 4092 843 4155 Nutr.
871 4090 934 4154 967
955 4093 985 4155 in
1014 4092 1088 4157 lter.
1117 4100 1148 4154 et
1175 4093 1251 4158 Ven.

143 4188 222 4263 tineo
239 4190 345 4259 habet:
365 4191 459 4285 Ἀρχὴ
479 4190 630 4282 ᾅσματος
644 4189 823 4291 Φρυνίχου,
842 4184 1140 4277 ὠςἚρατοοθέυης
1159 4190 1255 4276 (μυσί.
