2874 4638
196 270 256 324 vill
635 269 757 321 macter
776 270 879 321 incolit

200 416 761 512 disvequumsrndliumspoetarum
772 419 905 490 dictione
915 420 1313 512 petiveritabipsohuias-

202 524 287 592 modi
306 523 415 591 indicis
437 534 566 595 auctore
586 535 729 616 paratam
758 524 815 591 sibi
845 527 1010 592 materiam
1036 525 1223 616 expectabit.
1266 526 1312 594 lta

203 630 253 714 fit,
285 639 333 710 ut,
366 651 465 719 quum
496 631 650 697 mriversis
677 629 873 721 singulorum
899 633 1073 699 commodis
1101 656 1164 700 una
1195 634 1312 700 servire

204 733 401 803 arfiefflimns
422 734 462 800 sit
482 734 586 817 labor,
616 757 679 802 non
701 737 800 825 possit
821 736 878 803 sibi
899 758 962 803 non
984 738 1052 827 ipse
1078 740 1180 828 operis
1201 747 1313 805 auctor

205 839 302 909 talem
319 838 454 907 scribere
467 839 583 931 legem,
605 840 707 931 qualis
721 840 778 930 ipsi
794 841 837 906 rei
852 852 1064 908 consentanea
1080 845 1129 924 sit,
1150 853 1194 925 ut,
1217 841 1313 910 modo

205 947 249 1012 rei
271 942 476 1027 consuluerit,
507 946 601 1012 etiam
626 945 805 1013 bominibus
827 945 911 1035 quod
933 947 990 1013 sibi
1016 948 1108 1015 tribui
1133 948 1230 1016 velint
1257 949 1312 1015 da·

205 1060 274 1117 turn
295 1051 331 1117 iri
354 1048 498 1118 confidat
540 1048 612 1139 lpse
633 1060 741 1117 autem
764 1052 837 1139 quid
860 1052 899 1118 de
914 1075 948 1119 re
963 1053 1109 1119 sentirem
1123 1076 1219 1144 saepe
1232 1053 1313 1134 Tibi,

206 1154 263 1223 Vir
284 1156 564 1246 praestantissime,
591 1176 700 1222 coram
721 1151 906 1246 significavi,
943 1180 1003 1224 neo
1030 1180 1211 1248 quanquam
1241 1180 1313 1248 pro·

206 1263 309 1329 missis
332 1286 351 1329 a
373 1261 422 1328 Te
444 1258 542 1327 semel
564 1261 740 1349 iterumque
767 1282 838 1328 sero
857 1262 899 1328 ita
920 1263 1118 1329 satisfactum
1138 1264 1173 1329 iri
1194 1262 1314 1330 intelle-

206 1366 315 1458 gebas,
334 1389 392 1458 pro
414 1363 563 1455 singulari
585 1364 834 1432 adiuvandorum
854 1367 1009 1434 iuniorum
1030 1367 1202 1450 bominum,
1223 1392 1315 1460 prae·

206 1473 315 1540 sertim
334 1471 435 1563 pulcri
459 1470 595 1561 bonique
621 1471 849 1554 studiosorum,
881 1471 1062 1557 voluntate,
1095 1475 1262 1564 quominus
1282 1475 1313 1541 id

207 1577 295 1645 deret
313 1575 524 1669 impediebas:
555 1575 618 1642 hoc
646 1585 695 1641 est
720 1578 820 1658 enim,
851 1578 936 1644 initio
965 1579 1047 1644 lacto
1069 1600 1189 1669 perque
1209 1581 1313 1645 varias

207 1684 292 1751 vitae
318 1693 351 1751 et
375 1684 520 1750 lortrrnac
546 1681 772 1748 vicissitudines
798 1683 973 1750 intermisso
1001 1706 1111 1773 opere,
1145 1694 1313 1774 postquam

207 1788 404 1880 excerpendo
437 1786 644 1881 eligendaque
670 1810 781 1877 parum
807 1785 916 1879 prolici
941 1786 1092 1870 intellexi,
1124 1799 1160 1855 ut
1185 1789 1313 1856 tandem

208 1904 335 1984 sumpto
358 1894 465 1984 spiritu
487 1889 628 1982 singulos
650 1891 844 1982 singulorum
872 1893 1101 1960 vocabulorum
1128 1893 1218 1961 locos
1246 1893 1313 1985 ple-

207 2001 334 2067 nissime
355 2009 387 2066 et
408 1998 622 2088 copiosissime
643 1996 839 2081 exhiberem,
860 1997 1022 2088 diligenter
1042 2000 1238 2068 examinatos
1259 1999 1315 2066 de·

207 2103 385 2188 scriberem,
419 2125 495 2171 cum
526 2104 657 2170 caeteris
690 2101 731 2169 ad
763 2101 902 2193 aliquam
935 2105 1143 2171 continuitatis
1174 2106 1314 2196 speciem

206 2232 446 2301 componerem3
479 2217 515 2274 nt
535 2210 695 2299 proposito
723 2206 827 2297 aliquo
854 2210 1032 2298 primariae,
1064 2211 1089 2276 si
1111 2208 1176 2276 fieri
1197 2220 1314 2300 posset,

206 2315 437 2407 significationis
452 2311 598 2403 exemplo
619 2313 737 2402 reliqua
760 2313 866 2381 ordine
889 2324 920 2380 et
940 2314 1058 2382 ratione
1080 2324 1313 2397 connecterem3

207 2419 260 2488 vel
285 2418 338 2487 ubi
365 2442 421 2510 per
447 2419 618 2485 formarum
651 2417 862 2485 diversitatem
887 2442 949 2486 una
977 2421 1081 2486 omnia
1109 2419 1188 2486 serie
1214 2419 1314 2510 expli·

207 2547 281 2592 care
302 2525 411 2592 datum
431 2546 496 2592 non
517 2532 612 2606 esset,
638 2526 722 2615 ipsas
744 2526 916 2592 formarum
937 2523 1162 2591 vicissitudines
1183 2526 1225 2592 ita
1247 2523 1313 2590 col-

206 2630 355 2712 locarem,
377 2640 418 2703 ut¹
434 2651 572 2720 quonam
593 2631 691 2696 metiri
711 2653 779 2697 rem
798 2630 928 2696 modulo
949 2628 1127 2720 placuisset,
1150 2627 1233 2694 baud
1255 2628 1313 2695 dil·

207 2735 288 2804 ticile
310 2747 483 2828 appareret
526 2735 612 2803 Nam
646 2734 765 2802 lubrica
798 2735 969 2802 admodum
1001 2757 1051 2801 res
1085 2744 1135 2801 est
1164 2756 1312 2822 nequae

206 2841 331 2911 libidine
354 2842 464 2926 aliena,
496 2845 522 2909 si
554 2842 624 2932 quis
655 2863 693 2908 ea
726 2850 847 2908 tantum
877 2842 909 2909 in
940 2839 1078 2929 mediam
1108 2840 1219 2906 allerre
1240 2841 1315 2907 velit

208 2971 291 3038 quae
312 2951 457 3040 graviora
478 2950 540 3015 sint
564 2945 618 3014 vel
644 2955 755 3013 notatu
783 2946 936 3037 digniora;
972 2966 1070 3033 quum
1092 2947 1185 3012 etiam
1205 2969 1315 3012 versa·

207 3057 327 3122 tissima
341 3057 372 3121 in
386 3053 450 3121 boc
464 3053 636 3121 litterarum
651 3075 766 3142 genere
780 3050 905 3132 bomini,
921 3051 1042 3117 etiamsi
1053 3071 1162 3116 omnes
1174 3052 1315 3117 omnium

205 3160 350 3229 locorum
375 3181 473 3226 voces
499 3156 792 3247 vocabulorumque
824 3157 1056 3223 coniunctiones
1089 3156 1187 3244 probe
1219 3179 1315 3223 acorr-

206 3277 336 3355 rateque
357 3265 509 3331 mernoria
532 3264 729 3330 tenacissima
753 3260 1037 3352 comprehenderit,
1070 3259 1122 3327 vel
1143 3262 1188 3327 sio
1211 3270 1316 3329 tamen

206 3372 348 3447 accidere
366 3370 482 3462 possit,
504 3378 540 3435 ut
561 3369 681 3448 (verbis
704 3378 775 3435 utar
796 3367 961 3434 Christiani
978 3367 1112 3457 Augusti
1128 3364 1317 3447 Lobeclrii*)

207 3476 375 3567 aliquando
411 3474 451 3542 ad
489 3497 526 3542 ea
560 3475 778 3565 obstupescat,
821 3496 903 3563 quae
937 3470 1010 3562 plus
1045 3472 1162 3537 centies
1199 3470 1318 3562 legerit,

206 3583 390 3676 praesertim
411 3582 438 3648 si
461 3581 534 3670 quid
556 3603 635 3646 usus
656 3589 779 3669 praeter
799 3579 951 3645 rationem
974 3576 1133 3644 affinxerit.
1164 3576 1318 3646 Vniversa

208 3697 315 3755 autern
337 3688 504 3754 universae
525 3687 696 3753 memoriae
717 3681 862 3775 exempla
889 3684 914 3749 si
946 3683 1016 3772 quis
1044 3706 1062 3748 a
1090 3683 1240 3772 principio
1267 3705 1319 3749 or·

206 3793 308 3861 ‹bendi
331 3793 433 3884 operis
454 3790 597 3882 colligat,
626 3790 807 3880 praescripti
834 3789 982 3880 temporis
1003 3810 1113 3854 norma
1136 3797 1168 3854 et
1189 3786 1319 3855 modulo

206 3923 274 3968 rem
297 3897 420 3967 absolvi
440 3918 503 3964 non
525 3895 619 3965 licere
634 3904 773 3987 apparet,
795 3895 912 3962 nedum
933 3894 964 3962 in
985 3892 1047 3963 bac
1069 3893 1183 3983 ingenii
1206 3893 1321 3962 doctri·

238 4025 251 4051 ⁸
288 4028 323 4080 sd
344 4026 446 4092 Pbryrr.
465 4024 527 4076 354.
