2874 4638
376 263 414 312 ll)
433 261 582 313 avutam
602 260 767 312 nutrietur!
786 261 926 312 EPlSl'llLA
1168 269 1204 320 Ιχ

108 434 221 500 noeque
241 410 430 494 infirmitate,
450 398 481 478 iri
503 411 552 480 lris
571 413 669 503 ipsius
690 413 838 479 orationis
859 411 1104 495 diversitatibus,
1126 424 1205 483 tom·

107 538 210 607 puum
233 516 509 599 vicissitudinibus,
534 518 674 607 ipsorum
695 518 944 585 testimoniorum
965 519 1125 610 multiplici
1148 522 1212 586 uin·

105 620 243 689 bcultate.
288 627 336 705 Vt,
358 645 451 689 secus
473 646 572 712 quum
595 626 648 704 ait,
670 626 696 689 si
717 625 796 690 inter
817 623 1091 691 describendarum
1110 627 1204 716 pagi-

104 750 207 795 narum
235 733 336 819 spatia
366 752 432 795 rem
459 726 548 795 aliter
577 724 671 817 atque
703 730 792 796 aliter
823 730 1036 796 administrare
1069 753 1103 796 re
1135 732 1203 822 ipsa

103 856 225 925 rogare,
252 834 318 902 lieri
338 857 402 902 non
423 835 524 924 possit
545 835 617 924 quin
644 832 808 900 doctorum
835 836 998 902 hominum
1027 839 1202 906 commodis

101 948 218 1031 ternpus
239 940 432 1007 sumendum
453 941 502 1021 sit,
524 960 587 1029 quo
609 962 690 1021 sero,
712 939 768 1006 sed
790 949 895 1007 umen
917 940 1115 1031 aliquatenus
1135 945 1202 1012 aol-

100 1053 185 1112 vstur
205 1068 333 1113 nomen.

173 1150 371 1218 Adumbravi
383 1150 527 1231 rationes,
549 1149 662 1240 quibus
678 1149 819 1217 accidere
830 1153 974 1240 potuerit,
995 1163 1031 1220 ut
1045 1178 1064 1220 e
1078 1152 1201 1246 longin-

96 1278 153 1345 qua
174 1257 425 1348 peregrinatione
445 1255 496 1323 bic
516 1254 594 1323 liber
614 1254 714 1322 redux
734 1276 797 1322 non
818 1257 884 1322 sine
906 1256 1110 1341 diversorum,
1133 1263 1200 1350 qui·

96 1358 149 1427 bus
169 1370 387 1430 commoratus
409 1361 509 1442 luerit,
537 1360 683 1427 locorum
703 1362 786 1427 notis
808 1369 841 1427 et
862 1362 968 1451 signis,
989 1364 1052 1430 iam
1072 1367 1201 1434 tandem

93 1467 276 1557 inpetriam
302 1468 410 1534 redeat
437 1469 619 1556 amicosque
644 1474 677 1533 et
703 1464 870 1534 [amiliares
892 1480 1031 1557 quaerat.
1075 1470 1198 1540 llorurn

92 1571 120 1639 in
140 1573 329 1664 adspectum
350 1595 448 1662 quum
470 1573 551 1640 iorte
572 1573 705 1652 venerit,
731 1573 756 1638 si
780 1596 876 1662 quam
898 1583 1042 1640 currente
1063 1585 1130 1643 rota
1153 1580 1199 1644 in·

91 1676 339 1747 dueritlormam
353 1679 607 1758 examinaverint,
628 1700 691 1745 non
713 1700 794 1768 opus
810 1680 875 1760 en't,
898 1679 973 1767 quid
994 1681 1024 1746 in
1047 1681 1201 1770 pn'oribus

92 1786 243 1851 omissum
270 1806 475 1875 perperamve
502 1792 669 1850 tractatum
699 1785 753 1865 sit,
787 1784 893 1850 inultis
919 1783 1086 1874 explicare.
1129 1787 1195 1854 Da·

91 1886 169 1955 bitur
193 1892 323 1980 insuper
351 1912 463 1980 opera,
490 1899 524 1955 ut
551 1889 737 1980 gravissima
764 1888 884 1977 aliquot
912 1901 1044 1979 peccata
1070 1891 1199 1983 supple·

90 1996 200 2061 mentis
215 1996 409 2062 animantur:
431 2018 505 2060 nam
527 2003 559 2060 et
579 1995 610 2060 in
631 1993 701 2076 illis,
724 2017 807 2084 quae
827 1994 912 2061 nulla
935 1996 1026 2064 facile
1042 2007 1119 2079 arte,
1140 1999 1198 2067 aed

89 2120 160 2166 caus
182 2109 219 2166 et
238 2098 394 2191 diligentia
413 2100 566 2190 indigent,
593 2100 729 2165 admissa
752 2100 834 2179 scio,
860 2122 944 2187 quae
967 2100 1085 2168 nollem
1107 2125 1194 2170 com·

88 2205 197 2287 anissa3
234 2204 333 2272 veluti
354 2228 454 2294 quum
476 2205 515 2271 ad
537 2206 712 2272 Atticorum
734 2201 838 2293 legem
860 2205 926 2293 ipsa
949 2202 1097 2271 lemmata
1120 2228 1197 2274 con-

89 2311 223 2378 formare
238 2311 478 2391 constituissem,
499 2312 618 2378 lactum
641 2320 690 2376 est
710 2319 746 2376 ut
760 2309 939 2376 exciderent
959 2308 1079 2399 almuot
1099 2331 1195 2378 voces

87 2437 154 2483 aero
180 2417 215 2483 in
241 2415 380 2482 ordinem
412 2417 622 2506 recipiendam
657 2437 767 2482 rursus
799 2425 835 2481 ut
862 2416 1049 2504 quibusdam
1077 2417 1197 2484 formas

86 2520 328 2609 praescriberem
364 2545 383 2588 a
415 2519 502 2588 nullo
535 2542 676 2609 unquam
709 2521 883 2588 Atticorum
915 2530 1098 2611 usurpatas,
1136 2523 1196 2591 nisi

87 2628 167 2715 quod
191 2627 470 2717 grammaticorum
501 2647 562 2692 usu
594 2625 794 2715 praelormari
821 2625 931 2694 solent
973 2627 1070 2697 Haud
1090 2651 1192 2720 pauca

86 2742 171 2813 sunt,
204 2734 235 2799 in
268 2731 382 2820 quibus
402 2731 580 2798 verborum·
598 2733 785 2799 sententiam
811 2733 980 2801 oscitanter
1008 2736 1194 2825 acceperim,

86 2859 313 2928 perperamque
331 2836 487 2905 intellecta
508 2835 580 2903 mco
608 2858 671 2904 non
693 2860 752 2905 suo
774 2840 941 2928 posuerim.
984 2838 1193 2906 Testimonio-

86 2964 154 3010 rum
178 2952 285 3010 autem
307 2944 430 3032 copiam
446 2966 545 3033 quum
560 2941 687 3033 plenam
701 2942 855 3010 ascribere
869 2943 1050 3025 studuerim,
1073 2945 1192 3012 lactum

88 3057 135 3114 ost
154 3047 341 3138 aliquotiens
369 3036 473 3139 neque
500 3059 607 3116 tamen
635 3049 665 3114 iu
692 3046 901 3139 gravioribus,
929 3058 969 3117 ut
1001 3049 1107 3116 similis
1139 3050 1192 3118 vel

87 3152 226 3244 aequalis
246 3153 309 3222 loci
330 3156 513 3222 memoriam
534 3153 735 3246 neglexerim.
777 3151 812 3220 ln
833 3175 949 3242 magna
971 3164 1073 3242 parte,
1100 3179 1192 3245 prae-

87 3262 191 3328 sertim
223 3261 254 3328 in
285 3260 438 3352 prioribus
470 3261 538 3328 libri
568 3261 706 3353 paginis,
739 3267 959 3348 excerptorum
985 3259 1191 3329 formularum

87 3366 238 3433 ambitum
263 3389 327 3434 non
359 3368 434 3433 satis
462 3376 610 3433 accurate
634 3375 777 3432 notatum
804 3364 959 3444 invenies,
991 3386 1052 3432 nec
1080 3366 1191 3455 quibm

88 3473 193 3562 spatiis
221 3471 401 3538 dirimantur
435 3469 557 3561 singula
591 3473 732 3562 ipsorum
761 3493 913 3537 versuum
944 3470 1101 3539 vocabula
1135 3497 1192 3563 per

87 3573 216 3643 l'useolas
238 3574 429 3658 distinctum,
461 3598 536 3659 nee,
569 3576 689 3666 siquid
709 3587 832 3666 praeter
852 3575 1000 3643 librorum
1023 3581 1192 3649 auctorita·

89 3688 149 3750 tem
170 3690 237 3748 arte
258 3682 424 3773 ingeniove
450 3692 605 3750 mutatum
634 3683 688 3763 sit,
720 3704 821 3771 usque
853 3704 980 3771 quaque
1011 3683 1189 3752 indicatum.

89 3784 208 3857 llorum
229 3797 337 3855 auteur
358 3789 518 3879 signorum
541 3798 573 3855 et
591 3787 847 3878 compendiorum
868 3785 981 3869 facilis,
1002 3787 1112 3870 credo,
1134 3791 1195 3857 erit

89 3896 173 3962 ratio.
216 3892 365 3982 Namque
386 3895 542 3962 asteriscis
568 3893 700 3984 singulis
727 3917 811 3984 quse
832 3891 988 3959 vocabula
1010 3894 1194 3962 correctioni

90 3995 257 4069 debeantur
278 3997 426 4081 iudicavi,
458 4022 540 4090 quae
562 4003 760 4068 coniecturae
781 4020 842 4089 ops
864 3995 983 4079 addita,
1015 4001 1110 4066 etiarn
1131 4020 1193 4087 ps·
