2964 4634
310 336 463 405 tolenea
488 347 518 403 et
542 340 730 426 Corrigenda
753 342 791 405 ed
815 341 882 407 Vol.
905 342 939 413 ll.
964 342 995 404 Ρ.
1021 341 1047 404 1.
1194 342 1237 405 37

206 511 239 573 Pr
261 508 338 589 480,
364 510 413 573 13.
459 511 683 575 Autiotticietee
710 513 804 576 verbe
827 512 863 575 ll.
886 511 989 576 lucobi
1017 513 1057 576 ito
1078 515 1234 596 iuterpre-

117 619 212 676 tatur:
245 605 354 694 Θηρίο
375 613 534 676 Atticistoe
556 615 678 678 nonnisi
701 614 741 677 de
763 615 868 678 bestiis
893 615 952 679 dici
973 614 1094 693 volunt,
1123 632 1233 696 equum

118 733 194 779 vero
218 713 369 778 mulumve
392 715 578 780 domesticos
596 717 760 780 nominari:
782 716 963 780 adversatur
976 717 1101 798 Eupolis
1116 718 1231 783 Demie:

117 817 145 880 io
167 818 260 901 igitur
282 834 389 897 equum
412 818 461 881 vel
483 818 594 882 mulum
616 811 745 902 θηρίον
764 835 897 882 vocasse
918 818 1069 899 putandus
1092 826 1148 883 est.

81 920 88 927 '
202 920 234 982 Ρ.
255 918 332 998 482,
355 918 394 981 17
416 938 474 983 eor.
494 917 652 1004 χε-λῶνοιι
694 919 735 983 lb.
752 911 789 981 Ἰ.
803 919 855 983 ult.
876 919 995 1002 Sophro
1011 938 1081 984 num
1095 915 1232 984 Ποτιδᾶ

117 1021 329 1103 πραοοχαῖτα
355 1024 491 1104 scripsit,
520 1023 603 1103 quod
627 1028 658 1087 et
688 1020 858 1085 Ahrcusius
885 1023 1042 1104 proposuit
1066 1024 1137 1089 dial.
1161 1024 1228 1089 dor.

203 1225 234 1287 Ρ.
256 1225 334 1306 483,
360 1225 409 1289 10.
453 1228 500 1293 οο
524 1222 689 1311 Κερκίδας
711 1233 742 1289 et
767 1221 927 1310 Κερκιδᾶς
951 1224 1005 1287 ο1τ.
1027 1227 1116 1309 Auel.
1139 1226 1229 1292 Alex.

118 1344 158 1417 p„
176 1325 250 1391 388.
298 1330 345 1391 οο
376 1328 522 1392 Eustothii
550 1328 621 1393 loco
650 1328 687 1391 od
715 1330 835 1412 Fregm.
864 1327 916 1389 Vll
944 1327 1113 1409 adscripto,
1141 1348 1231 1410 quoru

119 1429 198 1494 falso
221 1429 280 1494 huo
303 1431 392 1494 traxit
413 1430 568 1510 willerus,
592 1431 689 1494 dicem
711 1432 742 1493 iu
765 1430 909 1493 Exercitt.
932 1429 1033 1511 philol.
1057 1432 1094 1495 ed
1118 1432 1230 1496 Athen.

120 1526 211 1615 Spec'.
232 1531 267 1594 ll.

204 1653 234 1714 Ρ.
255 1650 330 1714 490.
375 1650 425 1714 Ad
454 1652 610 1735 Eupolidis
638 1653 686 1716 Fr.
715 1652 753 1716 Χ.
783 1641 1016 1729 ἁλοζονεὺτται
1050 1649 1124 1733 περὶ
1160 1643 1228 1710 τῶν

117 1747 358 1838 perticipium&
379 1750 415 1815 δὲ
435 1750 598 1837 χαμᾶθεν
619 1747 741 1830 ἐσθίει,
765 1772 907 1835 comparo
929 1752 1083 1834 Aristoph.
1107 1753 1228 1835 Fragru.

120 1858 179 1922 inc.
210 1856 274 1918 Llll
302 1875 340 1920 ex
363 1856 482 1920 Achille
505 1857 570 1921 Tot.
598 1858 677 1941 lseg.
706 1875 734 1937 p.
760 1855 830 1921 121.
859 1847 897 1931 ὃς
924 1848 1060 1938 tripart}
1085 1847 1232 1940 μεριμνᾷ

120 1954 161 2022 τὰ
182 1956 218 2022 ὁὶ
236 1954 397 2041 χαμᾶθεν
418 1953 540 2024 ἐσθίει.
572 1958 635 2022 Nisi
655 1975 710 2039 per
732 1978 868 2025 errorem
889 1958 1024 2023 Achilles
1047 1956 1230 2037 Aristopho-

120 2081 190 2125 uem
213 2079 268 2142 pro
291 2060 439 2142 Eupolide
462 2061 644 2141 nominavit,
673 2061 753 2141 quod
778 2062 866 2123 etiam
890 2061 954 2153 eliis
977 2059 1127 2127 eccidisse
1149 2076 1230 2121 corr·

118 2173 185 2231 etot.
209 2163 245 2226 V.
267 2163 340 2226 llist.
364 2165 428 2227 crit.
451 2182 479 2245 p.
505 2160 577 2224 118.

203 2266 235 2329 Ρ.
257 2262 333 2344 491,
359 2264 408 2328 16.
446 2267 574 2347 Recepit
596 2282 693 2325 mcum
717 2264 921 2330 coniecturum
943 2255 1119 2329 ἔκκλυστον
1140 2258 1229 2327 Dub-

119 2387 212 2434 uerue
234 2370 264 2435 iu
287 2368 437 2433 Plutarchi
461 2366 595 2435 editione
619 2365 790 2430 l'erisiousi.

268 2470 312 2533 lb.
334 2468 356 2532 4
378 2488 395 2533 o
417 2470 466 2533 ltu.
491 2489 569 2534 corr.
594 2470 713 2533 cuuis.

206 2577 236 2638 Ρ.
259 2572 323 2636 492
346 2572 385 2634 18
409 2592 487 2636 corr.
512 2564 664 2660 συντόμῳ

208 2679 240 2741 Ρ.
261 2675 325 2739 493
348 2677 367 2737 5
391 2694 469 2741 οοιτ.
494 2669 608 2759 ἑτέραν

206 2781 237 2843 Ρ.
259 2779 324 2843 494
348 2779 388 2840 10
410 2780 449 2842 ‹le
474 2779 539 2859 ipso
564 2778 655 2842 Cullie

205 2884 237 2947 Ρ.
260 2881 322 2944 495
346 2882 401 2944 XX
422 2880 443 2943 4
466 2900 544 2944 corr.
568 2874 677 2967 κούφη

208 2986 240 3048 Ρ.
262 2984 326 3048 490
348 2980 368 3047 'l
390 2984 519 3047 omisit

161 3134 168 3152 .
209 3088 240 3150 P.
262 3086 325 3151 497
348 3086 368 3148 8
393 3104 472 3151 corr.
494 3078 652 3179 ἐλαιηρὰν

209 3189 240 3252 Ρ.
261 3189 326 3253 498
345 3188 383 3251 14
398 3208 476 3252 corr.
493 3185 627 3252 ἐπαινῶ.
650 3188 835 3251 Locorum
847 3181 952 3265 tregru.
965 3179 1099 3244 Lobecl.
1114 3176 1228 3240 Pathol.

126 3312 155 3375 p.
178 3291 237 3355 391
265 3295 305 3357 ite
330 3294 455 3375 corrigit
478 3286 520 3352 τὰ
543 3281 673 3374 percipi
699 3283 867 3375 ἐξεποίησε
889 3276 1062 3365 μυττωτὸν
1084 3269 1199 3341 πολύν.

272 3395 315 3458 lb.
343 3388 611 3457 'Aduletoruur
641 3389 819 3476 fragmentis
841 3385 912 3468 quid
942 3385 1043 3448 obstet
1065 3378 1229 3464 quominus

123 3496 270 3565 eudemus
293 3497 383 3560 etium
404 3496 474 3569 lroc.

625 3590 729 3655 XXXI.

210 3698 315 3763 Pollux
336 3698 364 3763 X
385 3698 428 3762 90
456 3693 575 3786 ῥητέον
603 3686 632 3756 δ’
655 3685 739 3754 αὐτὸ
765 3688 821 3752 καὶ
847 3679 1089 3771 χειρόνιπτρον,
1120 3674 1230 3751 Εὐπά-

123 3793 217 3873 Mtte
238 3790 387 3876 εἰπόντος
407 3798 443 3864 ἐν
464 3795 609 3879 Κόλαξι,
640 3789 828 3881 φροῦδον
854 3783 900 3855 τὸ
919 3779 1225 3878 χττρόνιτττροντ

123 3920 228 3985 nequo
248 3902 410 3969 obscurum
432 3923 492 3986 quo
515 3901 714 3987 pertinuerint
740 3896 818 3960 hoec
843 3895 874 3956 iu
898 3891 998 3955 tabula
1020 3889 1229 3954 Aduletoruru.

124 4006 186 4071 lem
210 4024 285 4070 vero
317 4006 480 4071 delendum
508 4006 659 4069 videbitur
685 4000 767 4089 quod
794 3999 824 4065 in
851 3997 975 4061 incertis
997 4001 1044 4058 est
1066 4012 1094 4074 p.
1118 3991 1180 4054 574
1199 4010 1228 4052 ο.

128 4107 215 4172 CXV.
243 4107 306 4173 Sed
325 4109 408 4189 quod
427 4110 507 4173 idem
527 4109 633 4172 Pollux
647 4105 686 4168 Vl
703 4103 744 4166 92
763 4101 834 4163 citet
846 4096 903 4159 καὶ
927 4087 1232 4179 τόοοναμιρότερον

128 4212 165 4289 (1.
189 4229 217 4275 ο.
240 4204 387 4295 πρόχοον
409 4219 440 4276 ct
460 4202 645 4294 λεβήτιον),
673 4200 717 4279 ὥς
738 4193 896 4279 Εὔπολις,
910 4190 1154 4286 χειρόνιπτρον,
1172 4196 1233 4259 lroe

1178 4528 1319 4594 A
