2874 4638
224 334 274 385 xit
392 331 565 382 saturano.
599 330 807 382 stercutium
827 331 1031 384 Auussuuottvtr
1050 335 1117 386 lOl..
1127 336 1144 384 l.

222 479 440 574 comparabilis
462 482 591 563 virtutis,
613 481 639 547 si
660 491 770 547 natura
793 483 985 573 suppeditet,
1013 482 1224 552 aemulatione
1245 487 1326 551 iusta

222 590 326 655 lacere
345 588 446 668 liceat,
469 608 563 675 quam
586 609 679 653 verae
700 588 822 676 pietatis
844 588 994 677 originem
1016 612 1224 679 causamque,
1251 590 1328 656 dum

220 696 252 761 in
273 695 353 760 vivis
375 701 451 774 erat,
470 692 539 782 ipse
559 693 778 781 pronuntiavit.
828 691 1196 781 Regimontanorum
1219 706 1326 762 autem

221 795 470 866 benevolentiam
492 798 664 878 lautorum,
692 799 722 863 in
751 797 864 886 quibus
891 798 1130 866 Leheelrium
1152 811 1184 867 et
1206 800 1326 868 Lehr·
1430 790 1431 833 l

221 906 323 970 sium
351 903 496 970 absentes
523 902 646 968 absens
664 924 797 968 veneror
822 906 1006 992 magistros,
1034 915 1069 971 ut
1099 904 1244 973 laudibus
1271 930 1325 973 ae·

220 1032 317 1099 quare
338 1030 400 1075 non
423 1010 462 1074 sit
484 1008 592 1075 datum
599 1058 608 1089 ,
635 1007 782 1074 veluntas
811 1021 895 1075 certe
917 1031 980 1077 non
1002 1010 1098 1077 decrit
1119 1021 1246 1078 suenus
1268 1011 1324 1077 ad·

220 1113 350 1194 nitendi,
376 1136 417 1180 ue
442 1113 629 1203 ignominiae
655 1110 714 1178 illis
740 1115 780 1179 sit
806 1137 858 1180 me
887 1136 980 1181 suum
1008 1115 1125 1184 habere
1150 1115 1323 1183 alumnum.

222 1218 516 1305 QuidLudevico
531 1217 847 1299 Friedlaendcro,
869 1220 941 1308 quid
964 1218 1130 1287 Muttine
1152 1221 1324 1304 llcrtnie,
1353 1268 1382 1281 ,-

219 1325 293 1415 quid
315 1327 343 1391 ei
363 1326 431 1391 viro
453 1323 599 1404 debeam,
635 1325 687 1412 qui
716 1335 749 1391 et
772 1329 932 1416 egregiam
953 1327 985 1393 in
1007 1325 1189 1393 adiuvandis
1217 1325 1323 1393 litteris

217 1453 346 1522 operam
368 1440 400 1496 et
420 1428 659 1520 insuperabilem
681 1430 754 1496 huic
782 1431 963 1521 pracsertim
984 1430 1062 1496 libro
1087 1433 1238 1522 praestitit
1259 1454 1321 1522 pa-

216 1538 373 1618 tientiam,
405 1535 573 1625 Georgio
600 1532 793 1617 Reimero,
827 1537 919 1602 tacita
952 1534 1042 1602 deest
1069 1536 1152 1625 apud
1182 1540 1322 1604 animum

216 1642 403 1709 verecundia
423 1640 537 1722 colere,
557 1660 622 1706 non
644 1642 790 1708 orationis
817 1642 999 1731 impotentia
1027 1639 1224 1710 labefactare.
1268 1643 1322 1711 Tu

216 1770 292 1814 vero
314 1746 396 1828 vale,
416 1745 473 1813 Vir
495 1745 623 1826 Eximie‚
643 1745 781 1834 mihique
802 1748 908 1821 fauere
929 1770 970 1813 ne
992 1745 1112 1814 desine!

287 1850 471 1921 Seribebam
482 1849 619 1918 Berelini
630 1873 658 1916 a.
671 1850 700 1917 d.
710 1849 811 1918 XVll.
822 1849 891 1917 Kal.
901 1850 1053 1919 Decemb.
1064 1876 1083 1919 a
1095 1851 1318 1920 MDCCCLV.

665 2028 867 2038 .-————

328 2181 672 2256 SVPPLEMENTA
701 2181 1030 2257 Auounuonvn
1059 2184 1162 2257 vol..
1177 2184 1204 2257 1.

213 2316 331 2405 Praei.
354 2340 427 2422 p.X
461 2339 501 2401 de
523 2341 659 2402 iambicis
689 2337 935 2420 philosophorum
965 2339 1101 2405 versibus
1132 2340 1171 2405 ci.
1193 2341 1317 2404 Nauckii
1430 2326 1431 2413 ff

213 2463 315 2529 progr.
337 2461 438 2526 gymn.
462 2439 563 2503 leaclr.
587 2460 615 2504 a.
637 2440 689 2503 LV
710 2459 738 2522 p.
751 2439 793 2502 33
805 2459 851 2522 sq.
1430 2430 1431 2461 t

297 2563 326 2626 p.
341 2543 382 2605 Xl
405 2543 559 2607 Crantoris
582 2562 629 2627 ap.
651 2540 734 2608 Stob.
749 2543 842 2606 XCVI
865 2542 905 2607 13
928 2536 1036 2610 uersus
1060 2543 1175 2609 Critoni
1197 2545 1315 2609 cornico
1430 2540 1431 2545 ’

212 2648 379 2731 assignavit
401 2644 549 2729 Bergkius
571 2646 641 2728 Lpr.
657 2646 683 2709 ll
705 2665 732 2728 p.
746 2644 840 2709 1081.

298 2749 361 2830 pti
385 2747 557 2812 Aristotelis
580 2767 627 2830 ap.
649 2747 826 2810 Eretianum
849 2765 877 2828 p.
896 2748 966 2811 176.
990 2746 1050 2811 178
1077 2748 1251 2811 memoriani
1276 2748 1314 2809 ad

211 2871 241 2933 p.
257 2851 332 2931 953,
357 2849 461 2914 rous.
495 2851 649 2931 pertinere
672 2855 753 2931 putat
773 2849 905 2914 Adultus
928 2851 1064 2915 Beurnot
1087 2849 1156 2931 phil.
1179 2848 1217 2911 lv
1239 2847 1315 2929 274,

211 2957 261 3036 qui
276 2973 331 3036 pro
345 2954 518 3033 Καμικοῖς
532 2954 742 3032 reponendum
758 2953 854 3015 suasit
866 2947 1112 3039 Προβλήμασιν
1134 2952 1233 3028 (XXX
1246 2953 1293 3027 1).
1430 3006 1431 3017 ,

295 3075 324 3137 p.
344 3054 384 3117 12
407 3054 447 3117 de
463 3053 649 3135 Asclepiade
663 3042 821 3137 Myrleaue
836 3055 982 3135 peculiari
998 3057 1213 3118 dissertatione
1231 3072 1314 3118 anno

210 3157 302 3221 XLVI
330 3155 470 3239 exposuit
492 3156 526 3219 ll.
549 3157 694 3220 lehrsius
717 3156 933 3219 analectorum
963 3157 1093 3220 Gramm.
1117 3175 1183 3238 cap.
1202 3156 1216 3218 1
1246 3152 1314 3218 s'ire

210 3260 377 3324 Herodiaui
399 3277 428 3340 p.
441 3257 505 3322 428
517 3278 584 3341 sqq.
628 3257 670 3321 lbi
690 3266 720 3322 et
735 3261 830 3339 primo
851 3278 877 3320 a.
892 3259 944 3321 Ch.
958 3277 986 3323 n.
1005 3259 1129 3323 saeculo
1146 3258 1312 3340 Asclepia-

211 3363 280 3427 dem
292 3363 434 3425 ilomissc
446 3362 548 3425 decuit
564 3380 593 3443 p.
604 3360 684 3424 432:
707 3369 737 3424 et
749 3362 827 3441 apud
840 3359 953 3423 Atlren.
968 3362 1056 3424 5010
1072 3354 1141 3427 ὅδὲ
1153 3358 1316 3446 Μυρλεα-

209 3462 267 3542 νὸς
283 3457 532 3549 Ἀσκληπιάδης
553 3457 588 3528 ἓν
608 3465 680 3541 τοῖς
700 3457 869 3548 Κρατίνου
891 3457 1195 3550 βαλανειόμφαλοι,
1218 3458 1312 3549 φησί,

209 3565 363 3653 λέγονται
384 3561 438 3631 ὅτι
461 3602 498 3614 -
522 3568 716 3631 scribendum
747 3583 819 3629 esse
848 3584 902 3647 pro
932 3558 967 3630 tv
992 3563 1163 3648 τοῖςπερὶ
1185 3562 1313 3653 Κρατί-

210 3694 268 3735 νου
284 3669 477 3752 probabiliter
489 3673 632 3749 coniecit,
650 3676 683 3732 ut
705 3669 734 3730 in
758 3667 835 3733 libro
858 3688 947 3750 quern
971 3670 1010 3733 de
1033 3669 1142 3751 poculo
1158 3669 1312 3735 Nestoreo

207 3774 378 3855 compesuit
397 3771 600 3853 Asclepiades
621 3772 733 3834 Cratini
756 3790 876 3835 versum
900 3778 950 3848 (pv.
968 3773 998 3852 2,
1023 3772 1077 3852 49,
1098 3772 1141 3849 9)
1172 3775 1312 3856 attigisse

209 3876 356 3952 rideatur,
379 3894 398 3957 p
420 3874 491 3938 441.
534 3874 680 3956 idemque
702 3874 886 3956 p.444sqq.
921 3877 1101 3938 examinatis
1123 3875 1309 3940 selreliorum

205 3977 498 4060 Aristophaneerum
521 3977 598 4041 locis
620 3976 677 4040 sibi
700 3995 762 4041 uon
787 3976 882 4040 rideri
906 3977 979 4040 dixit
993 3979 1219 4060 Aristophanes
1241 3998 1308 4043 eum

208 4102 246 4147 eo
275 4080 381 4144 colore
409 4083 595 4158 convenire,
627 4098 716 4161 quam
744 4082 773 4142 ie
805 4078 962 4160 Myrleane
991 4082 1158 4162 interprete
1185 4082 1310 4147 llemeri

210 4186 457 4268 cognoverimus,
479 4202 507 4265 p.
523 4184 596 4248 447.
