2964 4634
222 298 265 364 12
385 292 539 358 liddenda
561 297 592 354 et
614 286 805 374 Corrigenda
825 290 865 354 ad
890 288 959 353 Vol.
980 285 1017 352 11.
1040 282 1073 354 P.
1095 288 1127 351 2.

308 468 340 531 Ρ.
364 463 457 529 1213.
487 456 593 527 'exst
620 460 829 543 κνημοπαχέο
855 458 1066 542 reponendum
1095 458 1244 524 docuerat
1270 462 1339 527 Lo-

223 567 350 634 lteclius
372 566 482 648 Pirryn.
505 564 578 628 535.

372 666 424 732 Ad
445 663 482 728 tr.
506 664 642 729 61161111.
665 663 833 727 Brunclrius
853 662 978 729 cuntulit
999 660 1241 730 Achameariom
1262 684 1337 729 rer-

224 789 290 837 sum
314 769 397 833 1199
419 762 485 829 τῶν
508 758 660 844 tardior,
679 758 725 839 rip
745 761 872 852 σκληρὰ
892 760 951 828 καὶ
970 755 1131 830 κυδώνια.

308 874 341 936 Ρ.
365 869 459 948 1216,
481 867 502 929 2
525 885 604 932 corr.
626 867 661 931 ll.
687 867 747 930 135

311 975 343 1037 Ρ.
376 968 467 1035 1217.
505 969 682 1033 CCXXVlll.
732 968 839 1049 Neque
874 967 952 1031 haec
984 968 1065 1031 iuter
1099 966 1341 1050 fragmentorum
1454 994 1455 1013 ³

225 1093 383 1139 numerum
413 1072 507 1153 recipi
539 1071 657 1135 debere
689 1070 793 1135 decuit
817 1070 961 1153 Engcrus
989 1069 1009 1133 l.
1031 1089 1059 1135 ο.
1090 1068 1219 1152 11949.
1249 1069 1343 1133 aliter

226 1173 394 1241 Bernhardi
415 1170 568 1237 Eratosth.
592 1191 620 1254 p.
643 1166 721 1233 207·
743 1171 780 1234 ll.
802 1170 824 1233 l.

375 1275 418 1339 llr.
441 1274 461 1337 1.
488 1272 527 1336 12
550 1292 609 1338 scr.
632 1293 661 1356 p.
684 1272 748 1336 339
772 1271 812 1334 15

374 1377 416 1440 11).
445 1376 466 1439 1.
498 1373 536 1437 15
562 1367 736 1439 ‘Haeccine
765 1392 841 1438 uere
870 1394 910 1437 cr
937 1374 1007 1438 solo
1039 1373 1254 1455 Aristophanis
1282 1373 1343 1438 Ar.

230 1480 309 1553 1131
335 1470 630 1561 ἑκατοντορόγυιον
651 1478 810 1558 desumpta
832 1469 1032 1541 rideantur‘l’
1051 1476 1088 1538 ll.
1111 1475 1135 1538 l.

313 1584 345 1647 Ρ.
374 1578 471 1660 tete,
499 1579 519 1641 5
565 1569 845 1663 “Ἀριοτοφάνης
871 1574 908 1639 ἐν
935 1573 980 1666 τῷ
1003 1574 1098 1644 ῖ.,ο1.
1130 1577 1275 1643 addenda
1303 1578 1344 1642 ad
1461 1558 1462 1583 ¹

227 1705 258 1769 ν’
283 1678 515 1845 manuele
537 1779 738 1864 fragmentum
761 1779 968 1846 ccxxxvnr.
991 1778 1345 1863 conuerteretur.

380 1884 430 1948 Pr.
454 1882 564 1946 cett.
587 1900 633 1963 aq.
656 1888 705 1944 est
725 1880 838 1946 Polluc.
861 1881 909 1945 lV.
936 1882 1006 1946 106.
1129 1928 1138 1943 .

316 1987 347 2068 Ρ,
372 1982 465 2064 1219,
509 1984 583 2049 Post
604 1982 805 2071 tegmentum
830 1983 938 2050 cetu.
961 1984 1042 2049 adde

372 2188 474 2257 Schol.
496 2187 643 2253 leschin.
665 2085 831 2273 πριῗνὲῃῑι).
846 2187 909 2251 245
931 2187 985 2251 Bk.
1008 2181 1101 2271 παρὰ
1122 2182 1168 2273 τῷ
1185 2179 1347 2271 Ἀριστο-

234 2278 370 2378 udmari
389 2286 553 2372 orroyyr'ac
566 2287 623 2351 aet
639 2282 661 2365 ἡ
679 2282 833 2369 σπογγιά,
855 2290 979 2370 Deque
996 2289 1139 2354 admonui
1148 2289 1196 2352 tv.
1208 2290 1271 2354 647
1283 2298 1348 2356 not.
1468 2322 1471 2352 r

319 2394 351 2457 Ρ.
377 2391 470 2455 1226.
494 2391 644 2457 cclxln.
664 2384 719 2456 ‘lit
733 2390 772 2456 de
793 2391 839 2455 his
857 2392 929 2456 vide
940 2391 1097 2477 lingcrum
1112 2411 1160 2474 ap.
1177 2392 1347 2457 Zimmerm.

237 2493 317 2560 1841
341 2513 371 2577 p.
393 2487 471 2559 utt’
494 2494 531 2558 H.
554 2493 576 2557 l.

318 2597 350 2662 P.
377 2595 471 2679 1221,
498 2598 519 2660 9
541 2615 559 2659 a
581 2595 651 2659 tine.
695 2594 869 2660 Dindordns
896 2595 936 2661 ad
964 2596 1064 2667 Heras
1091 2616 1121 2687 p.
1144 2595 1205 2660 201
1237 2595 1348 2683 probat

237 2704 372 2764 nostram
396 2700 603 2764 coniecturam
621 2690 894 2780 Ἀπολλοφάνης.

322 2801 354 2865 Ρ.
380 2800 474 2879 1222,
497 2801 517 2863 5
540 2819 558 2864 a
580 2800 641 2863 line
663 2817 722 2862 scr.
745 2798 852 2863 6514

321 2902 354 2965 Ρ.
381 2900 473 2981 1227,
496 2901 518 2964 4
540 2901 639 2965 utine
661 2920 721 2967 scr.
743 2901 865 2966 domum

321 3002 354 3066 P.
379 3002 473 3065 1228.
518 3004 590 3067 Cum
619 3003 725 3085 Sparta
754 3001 925 3085 Epimenidi
956 3001 1092 3065 nonnihil
1114 3004 1351 3070 necessitudinis

237 3101 349 3184 luisse,
378 3121 418 3167 ex
442 3122 481 3169 eo
513 3104 696 3188 intellegitur
722 3105 804 3185 quod
837 3105 913 3167 cutis
941 3105 1050 3167 mertui
1080 3106 1158 3187 apud
1183 3106 1349 3170 Laccdae-

236 3192 359 3271 monios
386 3207 503 3269 serrari
530 3204 694 3270 terebatur.
721 3206 756 3269 t.
783 3207 916 3290 Diogen.
948 3205 1036 3269 Prov.
1066 3206 1141 3287 vul,
1172 3206 1221 3270 19.
1270 3209 1351 3283 Quia

237 3309 328 3374 etiarn
349 3315 575 3375 monumentum
597 3308 653 3372 uiri
675 3307 844 3391 sepulcrale
867 3308 992 3390 Spartae
1015 3309 1244 3390 ostendebatur,
1267 3309 1351 3374 Paa-

237 3429 303 3478 ran.
326 3412 363 3494 11,
388 3410 437 3474 11.

323 3514 355 3579 Ρ.
381 3512 473 3576 1229.
496 3510 547 3576 Ad
568 3510 646 3579 Batti
666 3511 762 3577 libror
785 3511 826 3576 de
849 3510 1036 3575 divinatione
1057 3511 1161 3576 Porsen
1183 3509 1353 3576 referenda

238 3619 309 3676 eunt
331 3613 408 3678 lraec
430 3614 580 3697 Fulgentii
601 3614 692 3696 Myth.
715 3615 753 3697 Χ,
775 3613 806 3678 3.
834 3614 873 3677 in
901 3614 1140 3695 aruspicinir
1168 3612 1268 3677 aliud
1292 3621 1353 3679 cst

225 3709 422 3800 ‚librarum
445 3717 799 3799 particularemque
827 3716 1038 3797 inspectio,
1066 3714 1170 3778 allud
1199 3732 1351 3795 secung·

239 3811 323 3876 dum
344 3808 555 3878 Battiaden
578 3827 781 3893 eventuum
804 3818 1026 3883 immutatio.
1052 3817 1116 3882 Nisi
1137 3815 1352 3885 tumetceu

239 3912 399 3999 limaclrum
423 3920 570 3995 spectant.
