2874 4638
357 347 397 399 tu
415 348 564 431 tvctsmtt
584 348 747 403 attinctus
767 352 907 404 cctsrvlt
1157 365 1194 415 xl

106 501 270 585 stttderunt,
294 502 353 568 sed
375 501 469 566 etiam
491 511 613 568 veteres
636 500 793 570 doctrinae
816 505 917 571 lontes
933 505 1035 572 denuo
1051 506 1194 576 adeundo

104 608 203 701 pridem
222 607 296 675 inda
318 606 435 673 hausta
456 627 538 672 nova
561 605 633 673 luce
655 606 885 676 collustrarunt.
930 612 1075 696 Quorum
1099 615 1195 681 virtu-

102 727 140 782 tes
156 713 335 804 singillatim
358 710 501 778 laudibus
524 712 634 778 efferre
656 734 755 801 quum
776 735 838 780 non
861 716 901 781 sit
921 714 1014 782 huius
1028 717 1099 801 loci,
1120 724 1197 787 satis

102 822 148 888 erit
165 822 193 887 in
214 816 423 909 sequentibus
450 816 532 882 hanc
555 818 777 906 praelationem
799 822 920 910 paginis
943 846 980 889 ea
1002 846 1197 893 commemo-

101 948 170 1006 rare,
200 949 286 1015 quae
314 947 358 991 ex
383 944 537 988 novarum
572 923 732 1011 copiarum
761 924 878 991 horreis
906 927 1047 995 ducenda
1075 933 1196 1000 suerint

100 1027 198 1121 Neque
218 1033 307 1098 enim
329 1029 434 1095 omnia
457 1026 612 1094 exhauriri
634 1030 775 1117 potuisse
796 1030 960 1115 videbunt,
981 1037 1035 1123 qui
1055 1038 1198 1128 singulos

100 1136 157 1203 ilos
181 1135 294 1218 libros,
328 1133 426 1199 veluti
455 1132 771 1223 Etymologicum
799 1133 1016 1221 Gaistordi,
1049 1141 1198 1231 peculiari

99 1264 171 1324 una,
191 1252 223 1309 et
244 1251 282 1308 ut
305 1239 438 1306 verbum
460 1238 556 1304 verbo
579 1241 747 1321 conterant,
770 1240 872 1306 denuo
895 1248 1100 1313 excusserint:
1137 1247 1196 1316 alia

97 1370 131 1414 ne
149 1347 298 1414 debuisse
319 1344 444 1435 quidem
467 1343 604 1411 adhiberi
627 1343 718 1410 facilc
738 1345 919 1428 concedent,
942 1351 1104 1441 quiipsius
1120 1375 1199 1443 ope·

97 1456 131 1520 ris
161 1456 314 1544 originem
349 1458 381 1515 et
413 1450 562 1516 rationem
596 1458 628 1515 et
659 1448 877 1517 huiuscemodi
909 1456 1196 1545 supplementorum

97 1558 164 1626 lnes
182 1556 441 1626 examinaverint.
485 1551 570 1621 Nam
592 1553 806 1621 addendorum
834 1566 928 1646 atque
957 1561 1051 1626 etiam
1080 1563 1197 1631 adden-

96 1664 197 1731 domm
227 1660 489 1751 corrigendorum
521 1658 829 1728 emendandommve
861 1683 921 1753 ope
952 1663 1064 1733 librum
1094 1670 1198 1759 ipsum

95 1772 132 1837 ita
151 1770 301 1860 supplere
322 1777 355 1834 et
376 1769 578 1847 constituere,
610 1774 646 1830 ut
666 1786 722 1854 pro
744 1788 829 1832 novo
856 1768 1031 1861 eodemque
1058 1776 1197 1863 perlecto

96 1876 299 1965 omnibusque
320 1874 457 1940 numeris
479 1869 626 1938 absoluto
648 1870 754 1938 haberi
778 1872 898 1955 debeat,
919 1875 1129 1946 humanarum
1151 1884 1197 1948 vi-

96 1983 168 2048 rium
188 1979 317 2049 excedit
337 1976 475 2044 modum.
520 1976 604 2044 Satis
626 1977 683 2041 erit
704 1999 778 2057 eos,
805 1981 858 2067 qui
880 2003 941 2047 non
965 1982 1054 2050 alieni
1075 1986 1136 2051 sint
1157 1986 1196 2052 ab

93 2080 180 2154 buius
201 2089 280 2155 artis
302 2106 364 2150 usu
387 2092 418 2149 et
437 2083 617 2163 rationibus,
637 2082 819 2174 intellegere
828 2106 895 2150 non
903 2087 1039 2154 defuisse
1050 2091 1196 2172 studium,

97 2215 153 2281 quo
174 2192 249 2284 quid
272 2188 338 2257 lieri
360 2198 467 2278 posset
488 2186 720 2278 significaretur,
742 2198 777 2254 ut
793 2198 825 2254 et
846 2194 1005 2258 communi
1026 2192 1198 2263 litterarum

97 2297 209 2366 utilitati
238 2294 472 2374 consuleretur,
505 2303 536 2360 et
568 2294 662 2366 etiam
690 2292 821 2359 aliorum
851 2294 1018 2363 industriae
1043 2298 1198 2387 reliquum

97 2416 186 2487 esset,
214 2400 304 2495 quod
331 2401 396 2465 suis
424 2399 541 2466 viribus
569 2396 610 2464 ad
631 2397 732 2487 ipsam
755 2411 854 2467 artem
875 2400 1121 2494 locupletissime
1143 2429 1199 2472 ex-

96 2510 262 2578 ornandam
286 2504 475 2573 molirentur.
519 2502 581 2570 Vet
607 2525 690 2570 nunc
713 2515 865 2593 quantum
887 2507 1018 2576 aliorum
1046 2532 1142 2577 curae
1169 2522 1200 2579 et

96 2614 268 2707 diligentiae
290 2612 453 2693 debeatur,
476 2619 571 2676 testes
594 2620 682 2674 erunt
701 2610 788 2699 ipsae
811 2614 960 2703 paginae,
986 2615 1098 2704 quibus
1121 2620 1200 2684 ami·

96 2722 213 2789 ciseium
236 2716 418 2787 consultum
438 2740 509 2785 esse
525 2713 683 2805 Bergtii
706 2725 737 2782 et
759 2714 923 2785 Nauckii
946 2720 1064 2803 studiis,
1087 2722 1199 2790 horum

96 2830 215 2895 uomina
238 2823 428 2905 indicabunt,
450 2835 485 2891 ut
507 2833 630 2891 taceam
653 2822 730 2890 alios
751 2823 933 2913 permultos,
965 2827 1017 2916 qui
1038 2826 1200 2896 voluntate

96 2954 149 3001 sua
171 2944 203 3000 et
224 2927 442 2999 benevolentia
465 2954 524 2997 nos
546 2928 740 2995 adiuverunt.
1178 3008 1183 3019 Ι

176 3039 242 3107 Sed
267 3043 301 3102 ut
323 3033 446 3118 redeat,
480 3035 563 3103 unde
587 3035 711 3102 deflexit
733 3036 845 3116 oratio,
882 3034 951 3103 Tibi
973 3038 1036 3105 iam
1058 3039 1200 3130 agendae

96 3156 165 3211 sunt
179 3144 308 3236 gratiae,
330 3138 511 3224 bleiuelri,
529 3165 623 3231 quem
647 3140 686 3207 de
708 3164 759 3207 me
783 3163 879 3207 tinum
902 3144 1041 3210 omnium
1064 3147 1201 3212 martimo

98 3252 341 3325 contumace,
366 3269 468 3336 neque
489 3251 557 3338 ipse
577 3250 720 3338 ignorare
743 3245 848 3329 voles,
871 3251 1038 3329 stacioni,
1067 3274 1200 3339 quorum

98 3352 173 3421 baec
187 3356 269 3422 scire
282 3354 418 3419 interest
461 3354 531 3421 Tibi
554 3354 636 3421 enim
658 3352 743 3419 bunc
764 3352 876 3419 libmm
899 3354 1009 3437 debeo,
1031 3355 1100 3422 Tibi
1122 3357 1200 3425 baec

99 3458 205 3543 studia,
227 3458 298 3526 Tibi
318 3460 344 3524 si
368 3460 440 3547 quid
463 3462 503 3527 de
523 3459 630 3526 litteris
653 3458 819 3548 aliquando
842 3457 922 3525 bene
943 3464 1110 3528 meritmus
1132 3465 1221 3563 siml

100 3564 267 3649 Quantum,
298 3574 334 3630 ut
355 3565 427 3633 Tuo
448 3567 573 3633 nomine
596 3566 675 3631 haec
702 3586 798 3653 opera
827 3586 889 3632 nou
920 3587 1049 3656 prorsus
1075 3568 1199 3659 indigna

100 3681 188 3752 esset,
210 3669 439 3753 laboraverim,'
453 3673 561 3739 amicis
589 3672 763 3761 cognitum:
798 3693 931 3760 quorum
954 3697 1051 3763 quum
1074 3676 1201 3765 egregia

103 3776 252 3863 praedam
273 3778 399 3842 nomina
420 3799 505 3844 mors
527 3777 685 3867 eripuerit,
708 3786 816 3861 sancta
840 3779 896 3844 erit
918 3781 1066 3845 memoria
1073 3806 1082 3861 ;
1120 3802 1201 3869 quos

102 3878 190 3949 divini
211 3882 345 3950 numinis
366 3884 465 3971 gratia
479 3884 686 3962 conservavit,
708 3882 815 3949 salvos
829 3885 1026 3974 sospitesque
1041 3907 1112 3951 esse
1127 3885 1202 3951 velit

104 3987 242 4076 omnique
264 3985 356 4054 laude
377 3988 619 4055 florentissimos.
664 3987 817 4076 Equidem
833 4008 961 4078 operam
975 3988 1105 4055 daturus
1119 4012 1201 4067 sum,

105 4100 136 4155 ut
154 4091 287 4159 Caroli
301 4090 537 4161 Lacburanni
559 4094 616 4182 piis
638 4092 781 4159 munibus
804 4116 840 4158 ea
865 4093 1076 4173 admiratione,
1098 4118 1135 4159 ea
1156 4094 1202 4157 in·
