2964 4634
261 341 301 403 re
480 338 633 404 deenda
657 342 687 403 ei
710 340 900 426 Corrigenda
922 346 961 408 ad
986 344 1053 409 Vol.
1077 345 1101 408 L

343 513 376 574 P.
398 510 477 589 454,
505 510 526 573 7
547 529 603 591 pro
620 510 685 572 440
708 530 788 575 corr.
807 510 883 577 496.
948 515 1001 578 tio.
1027 516 1067 576 12
1091 517 1162 579 dele
1183 514 1372 587 scholiastae

256 613 443 691 memoriam,
465 614 513 674 cui
531 632 570 674 ex
587 613 692 677 Photio
717 620 747 676 et
768 615 858 679 Soide
882 619 1006 679 intrusa.
1046 618 1081 680 L.
1097 618 1135 679 15
1159 638 1239 684 corr.
1262 640 1291 703 p.
1315 624 1374 688 96.

341 716 374 776 Ρ.
397 713 476 793 455,
512 713 547 775 11
578 715 658 777 adde
682 709 908 802 ‘Krdnppddc
935 737 982 799 ap.
1011 719 1125 783 Poltuc.
1153 722 1191 783 X.
1213 721 1268 785 38.
1297 719 1368 788 62.’

256 820 292 881 L.
317 816 357 879 18
387 835 442 895 pro
468 814 529 877 168
552 817 582 879 b.
612 836 693 880 corr.
727 817 785 879 156
808 819 837 881 b.
881 819 917 881 L.
944 820 983 882 19
1008 821 1150 884 Lemnias
1179 827 1370 907 seripserunt

257 922 346 984 etiam
368 919 587 999 Aristophanes
607 919 794 983 Nicochares

342 1023 375 1085 P.
397 1021 473 1099 456,
496 1022 515 1081 5
539 1039 619 1084 corr.
642 1020 719 1083 xlv.
742 1020 796 1083 86.

341 1126 374 1185 Ρ.
396 1122 471 1200 457,
493 1121 513 1183 7
536 1141 615 1186 corn.
639 1114 899 1205 κεχαρακτήρικε.

342 1226 375 1286 P.
397 1222 474 1302 458,
498 1223 518 1284 2
541 1222 581 1286 ο1.
604 1242 634 1304 p.
657 1223 732 1286 496.
778 1223 812 1285 L.
835 1225 857 1286 4
879 1243 958 1289 corr.
982 1226 1054 1290 647.

341 1328 374 1389 Ρ.
397 1326 471 1404 459,
496 1323 535 1386 17
558 1344 638 1388 corr.
661 1324 711 1389 Xt.
734 1343 765 1405 p.
786 1323 860 1386 467.

342 1427 375 1492 Ρ.
396 1427 471 1505 460,
494 1425 514 1488 2
537 1422 617 1489 corr.
631 1426 709 1489 XVl.
735 1425 785 1488 11.
841 1426 956 1490 16116.
980 1430 1018 1492 14
1031 1429 1124 1492 uerba
1144 1424 1196 1492 ⁴V.
1220 1434 1368 1500 Ruhnke-

257 1533 322 1595 nins
346 1565 386 1576 -
409 1548 438 1610 p.
462 1521 516 1591 76’
548 1528 619 1592 ioco
647 1547 709 1591 non
735 1548 791 1592 sno
819 1530 934 1608 posita,
967 1531 1100 1594 transfer
1122 1534 1151 1594 in
1179 1534 1200 1597 l.
1224 1536 1262 1598 13
1293 1549 1365 1603 ante

251 1627 402 1716 Ἱέρειον.
463 1630 506 1691 lb.
531 1628 545 1689 1
572 1648 589 1691 a
612 1630 671 1692 tine
694 1649 753 1694 scr.
784 1630 822 1693 ad
858 1630 971 1696 Pollae.
992 1634 1031 1697 X.
1060 1633 1111 1698 93.
1136 1637 1206 1715 item
1232 1638 1253 1701 1.
1285 1638 1319 1701 11
1347 1662 1365 1705 a

256 1737 327 1798 tine.
371 1733 406 1794 L.
434 1729 471 1792 13
496 1749 513 1792 a
535 1731 594 1793 fine
617 1749 678 1793 scr.
700 1724 938 1815 ἀργυροθήκην

345 1834 377 1894 Ρ.
400 1830 475 1911 463,
498 1832 518 1893 2
541 1851 557 1894 a
580 1833 640 1895 fine
663 1851 743 1895 corr.
769 1832 830 1895 152

340 1935 373 1996 Ρ.
397 1932 471 2011 464,
495 1932 538 1994 24
558 1950 618 1997 scr.
642 1933 920 2013 Epidicazomenon

341 2037 374 2098 P.
395 2032 471 2113 468,
496 2033 530 2094 11
557 2053 574 2096 a
597 2034 657 2097 tine
679 2054 759 2099 corr.
784 2056 813 2117 p.
836 2037 889 2100 98.
942 2036 980 2100 13
1003 2057 1019 2100 a
1042 2038 1102 2102 tina
1124 2059 1184 2104 ser.
1206 2040 1280 2106 461.
1325 2044 1363 2109 1..

172 2190 176 2197 .
260 2139 300 2203 18
323 2158 341 2202 a
363 2138 423 2200 tine
443 2137 482 2198 X.
507 2134 566 2198 161
590 2156 646 2217 pro
670 2136 729 2199 165

340 2242 373 2303 Ρ.
396 2238 476 2316 469,
508 2238 528 2299 5
557 2257 638 2303 corr.
661 2238 761 2301 CXlll.
785 2236 815 2300 7.
864 2238 1236 2306 Laouiansene.
1284 2246 1366 2312 iOa

257 2346 317 2407 dne
340 2340 421 2420 adde
443 2339 612 2403 Hettadium
635 2339 731 2403 Photii
752 2338 829 2401 Bibi.
852 2358 881 2420 p.
905 2337 979 2418 533,
1002 2339 1054 2403 25.

342 2443 377 2504 P.
398 2440 473 2520 472,
498 2440 538 2504 16
560 2442 630 2505 dela
651 2443 747 2505 verba
766 2433 830 2504 ‘De
848 2441 1013 2505 Philetaeri
1035 2481 1076 2491 —
1100 2441 1247 2528 egimus'

340 2545 374 2606 P.
396 2541 470 2621 473,
493 2543 513 2605 2
537 2563 553 2607 a
576 2544 638 2607 tlne
660 2562 739 2607 corr.
763 2543 895 2625 Hesyeh.
917 2544 953 2606 11.

342 2648 374 2709 Ρ.
396 2644 470 2724 474,
493 2646 513 2707 6
536 2664 616 2710 corr.
641 2645 726 2709 cvm
750 2644 800 2707 16.
849 2646 885 2706 L.
908 2643 928 2705 3
952 2664 968 2707 a
991 2645 1051 2707 tine
1081 2665 1161 2709 corr.
1185 2640 1367 2737 ἀκαλήφας

255 2751 275 2814 7
297 2769 315 2813 a
336 2748 398 2811 tlue
419 2743 594 2829 κερμάτιον
615 2765 669 2827 pro
692 2744 796 2827 κέρμα
839 2744 877 2806 12
899 2763 917 2810 a
939 2746 999 2809 tine
1022 2764 1101 2811 corr.
1124 2747 1199 2812 363.

343 2851 377 2912 Ρ.
399 2850 473 2928 475,
496 2848 516 2910 3
539 2868 598 2911 ser.
623 2847 836 2930 corrigendum

342 2952 374 3012 P.
396 2949 479 3027 481,
512 2949 551 3010 18
575 2951 680 3012 nescio
710 2966 769 3029 quo
804 2950 869 3011 sive
892 2950 1001 3011 mentis
1029 2951 1095 3013 sive
1123 2951 1229 3016 calami
1257 2974 1367 3023 errore

255 3054 427 3133 scripserim
450 3052 528 3113 CXX
550 3086 592 3100 -
615 3050 730 3114 CXXX.
761 3069 815 3130 pro
838 3050 913 3111 CXL
936 3085 977 3098 -
1001 3051 1060 3112 CL.

338 3155 371 3216 P.
399 3152 474 3215 487.
523 3153 611 3226 Quod
626 3153 686 3216 dixi
704 3153 797 3215 Plauti
818 3152 1031 3215 Mostellariarn
1055 3153 1092 3214 ad
1107 3154 1277 3238 Theogneti
1300 3158 1364 3224 tab.

258 3246 386 3338 Φάσμα
409 3245 430 3330 ἢ
455 3247 664 3336 Φιλάργυρος
685 3256 858 3335 inscriptam
881 3253 988 3315 factam
1013 3253 1118 3333 fuisse,
1141 3258 1172 3319 in
1195 3260 1366 3325 dubitatio-

256 3379 327 3423 nem
351 3358 472 3421 vocavit
492 3355 631 3419 Wotffius
654 3357 733 3419 Prot.
758 3358 795 3419 ad
818 3357 912 3418 Plauti
934 3354 1033 3417 nutat.
1056 3375 1085 3436 p.
1112 3356 1161 3420 19.

339 3462 373 3523 Ρ.
395 3459 469 3523 494.
515 3458 602 3533 (tund
632 3458 740 3523 Suidas
763 3458 898 3538 scripsit,
923 3454 1099 3531 Μένιππος
1124 3452 1274 3542 κωμικός.
1299 3461 1370 3526 τῶν

254 3556 437 3645 δραμάτων
458 3555 653 3625 adreddere
677 3558 850 3643 Κέρκωπις
873 3558 1026 3633 (Eudocia
1049 3560 1132 3622 addit
1152 3562 1208 3622 καὶ
1225 3556 1366 3649 Ὅροις)

258 3662 313 3723 καὶ
337 3657 434 3739 ἄλλοι,
457 3683 569 3727 vereor
589 3672 621 3727 ut
642 3670 728 3726 recte
752 3661 957 3742 expediverirn
979 3660 1036 3739 ita,
1059 3668 1092 3723 ut
1113 3663 1283 3745 Menippum
1307 3687 1365 3748 pro

256 3764 418 3842 Hermippo
447 3766 631 3826 nominatum
659 3767 873 3827 existimarem.
918 3763 1076 3844 Menippus
1104 3764 1154 3827 itio
1182 3765 1285 3830 forsan
1317 3781 1367 3834 est

257 3863 435 3926 Gadarenus
457 3871 487 3923 et
509 3882 563 3943 pro
585 3860 726 3944 κωμικὸς
749 3865 943 3927 scribendum
963 3857 1111 3945 κυνικός,
1133 3887 1211 3948 quae
1229 3872 1365 3935 contun-

258 3966 368 4029 duntur
390 3964 478 4026 etiarn
502 3966 579 4044 apud
605 3965 690 4028 Phot.
714 3965 779 4027 Lex
800 3986 827 4029 s.
850 3987 879 4030 v.
903 3964 1059 4053 σοβαρός.
1103 3968 1146 4031 lta
1169 3972 1368 4057 Cercopes

258 4076 288 4132 ct
309 4068 468 4150 Angues
491 4066 715 4146 Menippearurn
738 4068 909 4150 Satyrorum
933 4070 1007 4132 tituli
1028 4069 1148 4134 suerint.

343 4169 375 4233 P.
400 4168 462 4231 565
486 4168 517 4247 6,
541 4187 557 4231 a
580 4168 639 4230 fine
663 4188 743 4234 corr.
766 4172 936 4234 Xenoctem
960 4189 1015 4251 pro
1038 4172 1200 4236 Philoclem
