2874 4638
222 333 283 384 xlv
501 328 709 380 svrruuuutila
731 328 932 380 lbbuxuouttlt
952 330 1018 380 101..
1030 331 1048 381 l.
1140 406 1145 415 1

307 505 333 568 p.
349 485 392 548 89
417 486 456 549 de
478 485 634 547 Philoxeni
658 491 757 547 octale
781 504 809 543 v.
828 484 861 562 4,
876 482 948 547 635.

307 607 334 669 p.
351 588 392 649 96
420 586 588 649 lamborum
612 594 642 648 et
664 586 919 649 l'etrametrorum
943 587 1094 669 Hermippi
1116 606 1194 668 quac
1217 586 1326 650 ferun·
1430 580 1431 603 ¹

221 699 269 755 tur
291 690 436 768 reliquiae
460 708 499 750 ex
522 688 581 751 hoc
603 689 673 752 loco
696 692 725 751 in
747 691 894 751 minorem
917 691 1081 754 editionem
1098 696 1241 770 receptae
1256 698 1327 753 suut

222 813 249 873 p.
268 793 390 872 152sq.
436 791 568 855 Easdem
596 795 625 857 iu
656 791 832 873 Lyricomm
863 793 998 855 editione
1028 792 1122 855 alteru
1152 811 1180 873 p.
1196 792 1259 854 618
1278 811 1324 872 sq.
1430 790 1431 795 ’

222 893 353 957 exhibuit
376 893 541 977 herglius‚
569 895 619 957 ubi
649 895 767 956 tertium
791 893 826 955 lr.
855 896 895 956 ita
924 894 1116 957 scribendum
1146 913 1217 957 esse
1245 912 1325 957 con·
1430 918 1431 923 ¹

222 998 309 1061 lecll:

346 1091 475 1176 ξύνεστι
495 1094 558 1182 γὰρ
581 1094 623 1183 δὴ
646 1091 772 1182 δεσμίῳ
792 1096 853 1178 μὲν
875 1089 995 1175 οὐδενί,

344 1193 481 1280 μόνοισι
503 1193 536 1264 d'
560 1192 775 1284 ὑπαγωγοῦσι
796 1203 867 1278 τοῖς
889 1193 993 1267 αὑτοῦ
1012 1193 1163 1286 τρόποις.

222 1304 352 1383 priorem
381 1322 501 1367 versum
530 1303 639 1365 eodem
674 1304 766 1366 modo
797 1303 924 1366 Godolr.
951 1304 1141 1365 {dermannus
1167 1303 1250 1365 dedit
1278 1319 1324 1382 ap.

223 1405 333 1468 Rernb.
358 1406 439 1471 snm.
464 1425 492 1467 v.
514 1398 725 1489 ὑπαγωγεύς,
748 1405 872 1469 alterum
896 1408 950 1468 ita:
983 1397 1049 1469 bad
1070 1426 1142 1470 οισι
1164 1399 1198 1470 d'
1222 1397 1325 1487 duay.

221 1529 250 1572 r.
275 1501 327 1573 αὖ.
347 1531 397 1594 ιρ.
421 1526 474 1588 pro
495 1500 632 1587 μόνοισι
654 1509 760 1571 nescio
784 1526 821 1570 an
846 1508 955 1571 eodem
978 1509 1043 1570 iure
1061 1500 1193 1573 or'rcoioe
1213 1508 1326 1590 legen-

223 1613 291 1675 dum
315 1611 463 1674 videatur.

308 1709 596 1796 ρ,970.11ἐοι.
624 1714 690 1777 τῶν
717 1706 935 1798 Κυλικράνων
965 1701 1015 1789 εἷς
1040 1705 1197 1799 ὑπάρχων
1240 1731 1268 1792 p.
1284 1711 1326 1773 98

223 1817 260 1881 ir.
275 1818 317 1895 V,
351 1815 432 1898 quod
461 1822 491 1877 et
512 1816 608 1895 ipsum
632 1813 670 1876 de
693 1815 841 1880 Heraclea
864 1816 1138 1896 interpretandum,
1171 1815 1326 1894 quomodo

222 1919 415 1983 scribendum
439 1918 478 1979 sit
501 1935 529 1977 ν.
551 1915 629 1978 1ο1ιο
652 1934 680 1997 p.
696 1914 731 1981 3:
759 1919 838 1981 rs.2
862 1919 942 1998 quod
967 1926 1136 1982 correctum
1160 1924 1208 1981 est
1229 1936 1329 1982 σεσα·

222 2015 482 2104 canonicatum,
506 2018 635 2081 debetur
657 2019 846 2084 Schneidero
869 2022 944 2084 Lex.
969 2021 1019 2083 Gr.
1044 2041 1072 2083 r.
1094 2011 1326 2086 σαλανωνεύω.

225 2142 272 2187 vs.
290 2124 305 2186 1
331 2113 596 2206 odrooapoirpyov
611 2123 799 2202 proponebat
822 2122 981 2205 hergkius.
1026 2142 1054 2203 p.
1068 2122 1110 2184 99
1132 2123 1169 2185 ir.
1186 2122 1224 2184 vl
1246 2122 1326 2183 idern

218 2221 339 2305 ‘verba
362 2226 468 2306 inquit,
490 2244 543 2298 τις
565 2215 765 2303 ὀνομάζεται
787 2225 856 2289 lort.
880 2226 1068 2308 gramumtiei
1089 2218 1177 2288 suut?
1224 2223 1259 2286 lr.
1277 2223 1328 2285 Vll

224 2351 284 2396 ser.
306 2323 462 2404 Καλλίας
483 2318 668 2411 ἢΔιοκλῆς
691 2320 726 2390 ἐν
748 2329 792 2390 Κ.
838 2326 873 2389 lr.
890 2328 954 2390 Vlll
975 2323 1132 2392 σύνδετον
1153 2325 1327 2407 Schweigb.

224 2431 371 2517 Bergkius
405 2431 499 2510 ipsum
535 2427 687 2509 Hermippi
720 2430 923 2492 testimonium
961 2430 1114 2493 excidisse
1147 2430 1329 2509 suspicatus,

223 2535 305 2617 quud
330 2540 419 2595 antea
443 2549 491 2611 ap.
515 2528 624 2591 Athen.
653 2550 693 2592 ex
713 2532 924 2613 Aristophanis
947 2532 1104 2613 Equitibus
1131 2537 1182 2605 (v.
1206 2531 1327 2611 Antiph.
1372 2616 1375 2621 .

224 2636 255 2718 3,
280 2636 334 2713 57,
356 2635 393 2708 2)
417 2634 536 2696 allatum
560 2640 607 2694 est
629 2634 810 2714 exemplum,
833 2642 932 2715 aptum
955 2635 1023 2698 lore
1047 2636 1130 2698 dixit.
1430 2628 1431 2709 J

310 2757 339 2818 p.
355 2730 486 2813 100,“19
510 2735 587 2816 apud
613 2734 707 2798 Gaisl.
731 2737 884 2801 Choerob.
899 2738 953 2815 68,
967 2736 1006 2799 17
1030 2739 1137 2800 eadem
1153 2736 1327 2798 nominante
1430 2720 1431 2723 ¹

223 2844 366 2925 leguntur
378 2827 450 2903 οἷον
462 2831 616 2913 conatae,
637 2831 840 2917 Τιτανόπαν,
855 2830 1037 2924 Ἑρμόπαν,
1055 2831 1206 2923 Εὐήπαν,
1223 2856 1328 2900 rursus

225 2965 253 3026 p.
269 2941 378 3021 271,3
400 2948 433 3004 ut
455 2941 534 3026 apud
557 2940 652 3003 Belrh.
719 2942 878 3003 Caeterum
892 2961 928 3003 ·v.
954 2942 991 3004 ad
1014 2942 1045 3017 2,
1068 2940 1132 3002 419
1155 2939 1210 3014 (3)
1233 2939 1330 3019 suppl.

310 3065 339 3131 p.
357 3043 418 3106 119
442 3045 600 3125 Raptarum
624 3042 754 3105 labulam
773 3052 804 3108 et
825 3044 1005 3122 Alcibiadis,
1034 3043 1115 3124 quod
1138 3042 1250 3119 lerlur,
1278 3039 1329 3102 la-

225 3153 311 3213 ciuus
334 3149 362 3210 in
387 3147 643 3223 commentatione
665 3147 829 3209 vernacule
850 3150 961 3227 scripta
986 3138 1077 3208 ‘iiber
1100 3144 1246 3207 irehrbeit
1267 3146 1330 3205 und

226 3251 372 3331 dichtuug
398 3250 428 3311 in
453 3249 483 3312 d.
504 3248 619 3331 griech.
643 3242 980 3331 litteraturgeschiebte'
1010 3251 1106 3332 attigit
1129 3248 1162 3310 ll.
1186 3247 1330 3310 Lebrsius

226 3373 255 3416 u.
279 3351 365 3415 rhen.
390 3368 465 3413 mus.
491 3349 528 3411 Vl
551 3349 593 3414 70
608 3368 652 3432 sq.

312 3474 339 3536 p.
358 3452 419 3516 130
450 3454 489 3515 de
512 3452 686 3515 Helotarum
715 3452 814 3515 fabula
843 3457 969 3536 eiusque
997 3461 1176 3537 argumento
1200 3473 1227 3514 v.
1251 3470 1331 3532 quae

225 3559 345 3638 scripsit
368 3555 457 3635 xtpb.
476 3555 636 3629 ,Heclrerus
661 3555 761 3636 philol.
786 3556 810 3616 V
834 3557 906 3619 511.

312 3680 339 3741 p.
358 3657 465 3738 137,7
489 3660 637 3738 Marpslae
661 3677 770 3722 nomeu
794 3661 863 3722 item
888 3659 1064 3740 hleipbroni
1088 3678 1184 3739 nuper
1206 3659 1335 3721 restitu-

228 3773 287 3826 tum
311 3783 338 3823 v.
360 3769 463 3826 annot.
488 3781 516 3841 p.
535 3761 608 3838 100,
631 3763 681 3823 ubi
705 3764 826 3842 corrige
850 3781 877 3843 p.
895 3760 954 3822 137
979 3769 1051 3842 (pro
1069 3760 1157 3837 113).

312 3886 339 3948 p.
357 3865 417 3928 146
441 3871 517 3926 extr.
541 3883 619 3944 quae
642 3866 812 3927 dictasunt
835 3866 1027 3945 corriguntur
1050 3884 1088 3926 ex
1112 3865 1147 3925 iis
1170 3881 1248 3942 quae
1271 3882 1335 3925 ec-

228 3972 295 4033 dem
319 3968 377 4033 vol.
401 3989 429 4050 p.
443 3967 505 4030 536
529 3974 630 4029 annot.
654 3969 827 4029 retractavit
849 3975 965 4029 auctor.

312 4092 339 4153 p.
364 4073 436 4149 160,
459 4072 517 4134 4ο
539 4071 612 4134 une:
648 4069 812 4133 lilarcelliui
836 4070 874 4130 de
902 4070 994 4132 Thuc.
1031 4071 1089 4130 vita
1117 4069 1196 4147 §29
1226 4067 1336 4145 verba,

227 4167 435 4259 συνοχρόνισε
458 4167 506 4251 d’,
536 4169 582 4249 ὥς
604 4193 687 4258 φησι
710 4164 930 4270 Πραξιφᾷνης
952 4168 985 4235 ἐν
1007 4173 1052 4255 τῷ
1075 4168 1153 4255 περὶ
1175 4163 1339 4253 ἱστορίας,
