2874 4638
379 324 417 377 nb
436 324 586 378 svuvsrvrt
606 322 771 377 nstuuttvtt
791 323 931 376 sursulus
1167 323 1214 378 vlt

88 503 174 546 rore
194 501 404 570 perseverare.
450 477 594 545 Errarem
615 487 748 558 autem,
764 479 790 542 si
812 474 989 543 huiusmodi
1010 472 1122 540 librum
1144 498 1215 564 per·

93 586 259 651 tunctorie
288 595 334 664 et,
368 584 461 649 modo
488 583 587 650 obiter
613 580 771 649 evolventi
798 581 896 670 prima
925 589 1083 670 postrema
1112 581 1216 646 inesse

92 691 294 772 viderentur,
317 688 436 755 absolvi
458 690 597 778 potuisse
617 697 771 778 putarem.
814 684 931 752 Vetant
952 686 1034 751 enim
1056 687 1216 776 proposita

96 794 225 885 aliquot
246 797 373 886 egregia
395 797 426 860 in
447 793 511 859 hoc
533 815 647 882 genere
667 792 707 859 ad
728 791 910 858 imitandum
933 789 1095 881 exempla,
1129 801 1217 857 vetat

97 901 221 967 horum
243 901 420 967 studiorum
443 897 543 987 qualis
564 897 625 963 boc
646 895 773 964 saeculo
800 920 856 987 per
881 895 1141 985 incomparabiles
1169 897 1216 961 vi·

98 1029 159 1072 ros
182 1007 360 1095 composita
383 1012 415 1070 et
440 1012 585 1069 exornata
613 1012 662 1069 est
687 1001 741 1069 lex
768 1012 800 1069 et
825 1002 919 1082 ratio,
947 1010 1033 1067 vetat
1060 1000 1122 1067 Tui
1148 999 1216 1067 libri

101 1113 239 1177 materia
263 1118 295 1175 et
317 1131 377 1189 ars,
403 1107 510 1174 barum
530 1105 729 1196 reliquiarum
751 1108 878 1175 ubertas
900 1115 932 1173 et
953 1107 1059 1197 copia:
1092 1116 1137 1187 ut,
1158 1105 1216 1171 nisi

104 1214 237 1305 singula
259 1224 290 1279 et
311 1215 461 1295 universa,
482 1215 619 1279 maxima
634 1215 772 1295 ruinima,
793 1213 969 1304 gravissimi
990 1211 1136 1300 ponderis
1158 1233 1216 1276 vo-

106 1317 226 1385 cabula
249 1320 505 1408 tenuissimasque
526 1317 673 1400 voculas,
700 1319 838 1407 undique
859 1316 1012 1398 locorum,
1038 1317 1217 1405 ubicunque

107 1423 262 1514 legantur,
285 1425 352 1489 sive
373 1425 522 1490 rationem
545 1422 740 1514 singulorum
763 1425 956 1513 assequaris,
983 1424 1049 1490 sive
1071 1421 1163 1488 dubia
1185 1431 1217 1488 et

103 1530 241 1595 obscura
256 1527 478 1616 relinquantur,
502 1527 665 1620 collegeris
680 1529 870 1621 disposueris
885 1528 1110 1618 composueris,
1132 1525 1218 1592 baud

103 1633 197 1701 tacile
219 1636 287 1700 sine
309 1657 384 1700 cura
408 1643 440 1701 et
461 1632 676 1701 sollicitatione
698 1635 837 1700 tutorum
858 1632 1217 1724 intellegentissimorum

102 1740 382 1830 grammaticorum
403 1738 550 1806 iudicium
572 1749 739 1830 expectare
760 1739 861 1807 liceat.
897 1737 1012 1830 Neque
1033 1747 1138 1804 tamen
1160 1759 1217 1802 vu·

103 1867 166 1910 nus
188 1843 239 1910 lric
261 1853 366 1910 metus
387 1852 444 1925 est,
464 1852 499 1909 ut
521 1846 709 1935 optimorum
736 1845 874 1912 virorum
902 1845 942 1912 de
967 1844 1030 1911 boc
1055 1842 1135 1909 libro
1161 1864 1217 1908 ex·

103 1950 275 2041 pectationi
297 1948 535 2038 respondeatur:
563 1972 665 2040 neque
684 1953 782 2041 ipsius
805 1950 972 2018 voluminis
993 1948 1128 2015 ambitus
1150 1948 1217 2014 cui·

105 2077 205 2143 quam
226 2056 380 2144 imponet,
400 2054 533 2142 *quando
555 2056 627 2121 data
650 2077 745 2146 opera
768 2066 801 2123 et
821 2059 899 2123 inter
920 2055 1094 2122 studiorum
1117 2054 1216 2119 conti·

105 2181 189 2226 nuos
210 2158 344 2240 labores,
366 2182 447 2248 quae
467 2161 571 2226 inesse
586 2160 702 2227 debere
716 2162 882 2250 putaverit,
905 2161 1030 2238 omissa,
1052 2180 1134 2245 quae
1156 2179 1215 2223 suo

106 2263 178 2331 loco
200 2265 317 2355 posita,
350 2264 461 2345 alieno,
494 2288 674 2354 quaecum
696 2265 805 2331 vicinis
827 2272 912 2331 recte
934 2262 1118 2350 composita,
1150 2263 1219 2327 vin·

106 2369 185 2437 culis
208 2369 326 2450 solute,
360 2371 485 2436 omnino
514 2393 662 2460 maguam
691 2380 812 2469 perlem
836 2370 879 2436 ita
902 2366 1149 2435 administratam
1170 2365 1218 2430 in-

107 2477 237 2554 venerit,
259 2482 294 2539 ut
315 2474 398 2538 vium
420 2494 458 2538 ac
480 2477 631 2540 rationem
653 2475 763 2542 deesse
786 2483 943 2566 appareat.

193 2577 296 2668 lpsius
317 2574 385 2642 libri
412 2577 437 2640 si
466 2578 535 2665 quis
562 2579 694 2643 lrontem
720 2581 862 2668 aspiciat,
895 2579 1046 2647 Comicae
1073 2577 1216 2643 dictionis

109 2685 241 2753 indicem
263 2704 397 2773 praese
419 2682 496 2748 lert:
525 2683 591 2748 eius
613 2682 700 2748 vocis
723 2705 803 2771 quae
824 2686 871 2751 vis
894 2708 965 2753 esse
987 2684 1137 2763 videatur,
1158 2703 1216 2772 pro

111 2792 208 2872 varia,
242 2810 304 2877 qua
333 2789 402 2876 quis
431 2788 583 2855 eiusmodi
608 2787 715 2854 indicis
743 2794 787 2856 uti
814 2791 948 2858 voluerit
974 2788 1215 2881 opportunitate,

111 2896 211 2961 varias
233 2892 399 2984 explicabit
420 2894 564 2961 rationes.
606 2891 691 2959 Nam
712 2896 778 2960 sive
801 2919 896 2985 quam
923 2919 1050 2977 vocem,
1077 2896 1103 2960 si
1131 2892 1215 2982 quod

112 2999 311 3080 vocabulum,
335 3000 361 3064 si
383 2999 457 3089 quid
480 3022 521 3066 ex
542 3000 645 3066 tractis
668 3022 802 3090 graecae
823 3002 1005 3069 comoediae
1018 2999 1133 3068 tabulis
1149 3021 1216 3065 me-

114 3104 261 3175 morabile
283 3104 396 3171 alicubi
417 3107 577 3187 invenerit,
600 3104 682 3194 quod
704 3106 806 3172 inesse
828 3108 885 3196 ipsi
908 3108 992 3198 operi
1014 3115 1117 3197 putet,
1138 3103 1217 3170 indi·

114 3213 155 3277 cis
177 3231 237 3300 ope
258 3211 327 3298 ipso
349 3222 471 3301 reperto
494 3209 565 3276 loco
588 3219 752 3277 contentus
774 3213 846 3277 erit:
868 3214 941 3278 sive'
955 3214 986 3278 in
1009 3209 1217 3300 Aristophane

114 3326 254 3382 versatur
275 3315 538 3405 explorandisque
564 3314 772 3405 singularibus
794 3316 887 3383 buius
908 3319 1021 3408 ingenii
1042 3315 1216 3390 virtutibus,

114 3419 221 3510 ecquid
243 3419 400 3511 peculiare
422 3421 540 3487 bonurn
563 3419 635 3486 buic
657 3430 770 3510 poetae
799 3421 995 3490 tribuendum
1023 3423 1076 3501 sit,
1104 3419 1218 3509 ecquid
1306 3446 1308 3450 ³

114 3548 277 3596 commune
299 3524 414 3593 habeat
442 3549 515 3593 cunr
538 3525 663 3615 reliquis
685 3525 841 3593 humanae
863 3529 945 3595 vitae
973 3528 1011 3594 de
1033 3548 1129 3594 scena
1150 3526 1219 3592 imi·

115 3632 274 3712 tutoribus,
302 3631 426 3698 indicari
455 3631 517 3697 boc
541 3631 620 3697 libro
641 3631 770 3698 iubebit:
803 3635 870 3699 sive
896 3636 1077 3701 universum
1105 3632 1218 3698 horum

117 3748 273 3827 poetarum
290 3736 412 3803 dicendi
427 3761 521 3804 usum
544 3758 737 3826 cognoscere
758 3738 871 3819 studet,
894 3749 929 3804 ut
950 3737 1001 3805 vel
1014 3741 1052 3805 in
1075 3739 1219 3804 minutis·

121 3844 196 3908 druis
218 3842 312 3910 rebus
334 3830 461 3932 linguae
483 3841 717 3931 litterarumque
739 3845 921 3910 memoriam
936 3843 1102 3911 exhaurire
1115 3842 1220 3920 liceat,

122 3946 203 4014 huius
227 3948 295 4015 libri
316 3947 426 4013 indicio
451 3948 493 4013 uti
516 3945 618 4013 volet:
651 3947 783 4037 denique
804 3952 834 4015 in
857 3948 986 4037 singulis
1006 3951 1146 4039 ipsarum
1170 3969 1219 4012 re·

119 4052 276 4143 liquiaruur
300 4052 402 4119 verbis
425 4054 492 4119 sive
515 4054 737 4133 examinandis,
767 4055 833 4121 sive
855 4052 1073 4121 continuandis
1095 4059 1222 4116 mutan·
