2964 4634
242 310 286 397 42'
399 324 556 392 Addenda
578 330 608 388 el
632 319 822 407 Corrigenda
844 320 883 385 ad
905 318 973 385 Vol.
995 318 1032 387 ll.
1054 320 1085 382 P.
1113 318 1141 381 1.
1165 318 1196 382 2.

244 493 408 583 Φρύνιχος
430 495 466 561 dd
487 488 592 559 αὑτοῦ
621 489 739 559 τούτου
765 488 825 556 τοῦ
850 484 1004 580 ᾄσματος
1031 480 1231 573 μνημονεύει
1249 486 1352 571 Λαμ-

240 601 419 687 προκλέονς
440 593 546 672 ὄντος,

371 694 541 765 Παλλάδα
575 695 793 785 περσέπτοον
824 689 944 773 alnido
970 684 1203 776 πολεμαδόκον
1230 686 1353 767 (κολε-

762 793 910 882 μοδόκον
930 797 986 874 V.)
1015 787 1124 878 ἁγνάν
1146 789 1272 877 (ἁγνήν
1293 793 1350 869 G.)

368 906 476 973 παῖδα
496 901 573 980 Διὸς
593 896 739 986 μεγάλου

241 1004 510 1095 naida-asyddoo
531 1010 642 1074 desum
662 1007 693 1068 in
715 1005 751 1067 iis
773 1022 852 1083 quae
873 1000 1031 1065 Belisama
1052 1006 1084 1065 ol
1097 999 1291 1065 Hermannus
1312 1015 1353 1059 ex

241 1118 418 1183 manneio
440 1113 610 1177 edidemm.
635 1100 856 1185 δαμάσιππον
877 1110 947 1186 posl
968 1099 1113 1187 psyllion
1135 1100 1251 1166 addidit
1271 1100 1352 1163 Dia-

242 1220 356 1284 dorlius
387 1237 426 1280 ex
452 1215 555 1281 Schol.
589 1212 660 1275 Ald.
696 1229 785 1292 quem
815 1206 854 1270 de
887 1207 1017 1270 caelenis
1053 1203 1249 1269 varlelallbus
1281 1202 1352 1266 vide

243 1342 272 1405 p.
299 1319 360 1384 441
393 1338 439 1400 sq.
467 1318 568 1381 lldbn.
598 1311 756 1394 Phryniohi
786 1310 931 1373 memoria
961 1311 1106 1391 repetitur
1128 1306 1237 1372 eadem
1260 1306 1353 1368 inea

243 1424 426 1491 scholiorum
455 1427 539 1504 pane
566 1436 644 1499 quao
672 1433 717 1477 vs.
741 1414 782 1477 52
813 1412 911 1477 Dibn.
939 1411 976 1474 ab
999 1405 1120 1486 Ἄλλως
1144 1410 1265 1492 incipit,
1294 1409 1353 1475 sod

243 1528 351 1594 alsam
372 1524 451 1588 baso
473 1524 511 1587 ab
534 1522 608 1583 Rav.
632 1524 663 1582 el
684 1511 771 1580 Vem'
794 1516 830 1579 Η.
853 1517 875 1579 l.

327 1630 360 1697 P.
381 1626 457 1690 608.
501 1625 623 1707 Fragm.
644 1620 737 1683 XXlll
759 1626 807 1683 esl
828 1636 876 1699 ap.
899 1615 1052 1683 Pollucem
1073 1614 1122 1679 lv.
1147 1614 1218 1679 186.

699 1906 899 1933 μ--Φ-..η

245 2200 472 2294 Addenda
501 2203 549 2286 et
580 2194 872 2313 Corrigenda
897 2195 956 2283 ad
989 2193 1096 2282 Vol.
1127 2196 1194 2285 ll.
1225 2196 1279 2283 P.
1305 2194 1354 2285 2.

242 2420 291 2508 ln
313 2443 414 2507 indice
442 2444 600 2521 poetarum
626 2435 704 2499 haec
731 2438 886 2520 oomigas:
906 2437 1118 2503 Arislnmenss
1141 2437 1206 2502 730
1250 2439 1354 2502 Aulo-

244 2556 346 2615 males
368 2552 448 2621 (non
470 2540 635 2616 Aulodes)
657 2538 732 2602 891.
777 2539 999 2622 Aristophanes
1020 2540 1095 2606 893.

328 2649 361 2712 Ρ.
384 2646 455 2728 615,
480 2643 519 2708 13
542 2645 600 2708 Pro
622 2641 744 2707 Baoolao
767 2642 919 2707 Adonidis
940 2650 1076 2708 amatore
1095 2642 1268 2726 Apollinem
1291 2662 1355 2708 no-

243 2754 338 2819 minat
359 2749 551 2815 Ptolemaeus
573 2746 652 2828 apud
674 2744 810 2808 Pholium
832 2745 902 2808 bibl.
926 2765 954 2827 p.
981 2745 1037 2808 l5l
1063 2748 1094 2809 5.

331 2855 363 2917 Ρ.
386 2850 450 2916 616
478 2849 515 2913 ad
539 2849 658 2932 Fragm.
681 2847 730 2908 Vl.
763 2849 859 2921 Quum
881 2849 910 2910 in
935 2848 1147 2930 Arisloplmnis
1174 2849 1245 2913 looo
1273 2866 1356 2913 naon

245 2963 331 3021 recle
352 2955 472 3037 legalur
492 2943 650 3033 ἀχυρμὸν,
673 2967 734 3013 non
751 2941 885 3032 ὀχυρόν,
907 2952 1015 3015 eadem
1033 2952 1129 3016 loram
1145 2952 1248 3017 forsan
1264 2954 1356 3015 eliam

245 3058 330 3128 Plato
353 3073 425 3120 usus
448 3060 506 3117 esl.

330 3160 363 3222 Ρ.
384 3156 456 3221 617.
501 3157 534 3219 ln
563 3155 694 3221 Plalouis
721 3155 940 3239 fragmenloll
967 3158 1074 3222 nescio
1103 3177 1141 3222 an
1171 3149 1357 3240 induendo-

244 3284 342 3348 πημα
364 3259 559 3327 scribendum
581 3259 629 3322 sil.

329 3364 361 3427 Ρ.
384 3361 460 3427 618.
482 3362 504 3431 l.
526 3362 624 3444 lpsum
647 3352 855 3445 denondxno’
875 3367 923 3425 est
945 3362 974 3423 in
998 3362 1086 3427 Bodl.

329 3468 363 3534 Ρ.
385 3466 520 3531 61919.
544 3466 629 3530 Com.
651 3463 797 3546 Harpoer.
821 3483 849 3545 p.
875 3462 936 3526 154
961 3461 974 3525 1
1000 3464 1066 3539 (cll.
1091 3465 1186 3530 lloer.
1207 3466 1274 3529 206
1295 3464 1357 3541 23)

394 3570 471 3635 lbid.
508 3568 642 3635 Platonis
671 3567 752 3631 nulla
785 3566 879 3631 luisse
914 3566 1033 3630 videlur
1063 3567 1164 3633 lanum
1186 3563 1358 3643 Δαίδαλος

246 3673 398 3753 insonipla.
437 3671 515 3736 Vide
536 3670 618 3736 Add.
641 3670 680 3734 ad
703 3670 768 3733 Vol.
791 3669 812 3734 1.
837 3688 865 3750 p.
891 3668 960 3731 169.
984 3669 1104 3754 Fragm.
1126 3672 1139 3734 l
1162 3691 1217 3753 pro
1239 3665 1357 3747 ἐνίοτε,

247 3773 329 3854 quod
350 3765 388 3835 ἓν
409 3770 478 3835 ἴστε
501 3774 653 3837 scribebat
666 3774 833 3852 Porsenna
855 3771 961 3837 forsan
984 3754 1020 3835 ed
1042 3771 1112 3836 inas
1135 3774 1358 3857 reponendum.

249 3878 408 3942 Caelerum
431 3876 553 3958 corrige
575 3871 697 3936 πολλαὶ
718 3872 786 3936 τῶν
807 3882 838 3939 et
851 3875 938 3939 Vs.2
962 3867 1130 3940 τίκτουσιν

334 3979 366 4043 Ρ.
389 3976 454 4040 620
478 3974 513 4038 11
540 3994 619 4040 com.
642 3969 818 4057 ὑπηνέμια.
863 3978 935 4041 llox
962 3978 992 4042 iu
1021 3978 1157 4043 Helladis
1181 3979 1289 4064 fragm.
1313 3999 1362 4051 ss,

249 4082 339 4167 2pro
361 4072 405 4142 ὃν
426 4081 538 4143 reclius
561 4080 701 4144 sensnm
722 4073 773 4141 ἄν
795 4082 813 4144 i.
836 4099 864 4145 e.
887 4073 978 4146 div.
1002 4081 1061 4146 Cla.
1085 4083 1179 4149 Arisl.
1201 4083 1277 4149 lina.
1292 4082 1361 4147 938

247 4185 300 4249 ubl
322 4186 391 4251 ilem
415 4181 553 4247 scribilur
575 4173 628 4244 ἂν.
