<?xml version="1.0" encoding="UTF-8"?>
<!DOCTYPE html PUBLIC "-//W3C//DTD XHTML 1.0 Transitional//EN"
    "http://www.w3.org/TR/xhtml1/DTD/xhtml1-transitional.dtd">
<html xmlns="http://www.w3.org/1999/xhtml" xml:lang="en" lang="en">
 <head>
  <title>
</title>
<meta http-equiv="Content-Type" content="text/html;charset=utf-8" />
  <meta name='ocr-system' content='tesseract 3.04.00' />
  <meta name='ocr-capabilities' content='ocr_page ocr_carea ocr_par ocr_line ocrx_word'/>
</head>
<body>
  <div class='ocr_page' id='page_1' title='image "./fragmentacomico00jacogoog_0432.png"; bbox 0 0 2964 4634; ppageno 0'>
   <div class='ocr_carea' id='block_1_1' title="bbox 242 344 1215 428">
    <p class='ocr_par' dir='ltr' id='par_1_1' title="bbox 242 344 1215 428">
     <span class='ocr_line' id='line_1_1' title="bbox 242 344 1215 428; baseline 0.001 -16"><span class='ocrx_word' id='word_1_1' title='bbox 242 345 398 412; x_wconf 86' lang='lat' dir='ltr'><strong>Addanda</strong></span> <span class='ocrx_word' id='word_1_2' title='bbox 421 351 453 410; x_wconf 91' lang='lat' dir='ltr'><strong>et</strong></span> <span class='ocrx_word' id='word_1_3' title='bbox 475 344 664 428; x_wconf 82' lang='lat' dir='ltr'><strong>Corrigenda</strong></span> <span class='ocrx_word' id='word_1_4' title='bbox 687 345 726 409; x_wconf 85' lang='lat' dir='ltr'><strong>ad</strong></span> <span class='ocrx_word' id='word_1_5' title='bbox 749 345 817 411; x_wconf 85' lang='lat' dir='ltr'><strong>Vol.</strong></span> <span class='ocrx_word' id='word_1_6' title='bbox 840 345 875 410; x_wconf 91' lang='lat' dir='ltr'><strong>ll.</strong></span> <span class='ocrx_word' id='word_1_7' title='bbox 902 347 934 410; x_wconf 88' lang='lat' dir='ltr'><strong>P.</strong></span> <span class='ocrx_word' id='word_1_8' title='bbox 960 347 988 410; x_wconf 95' lang='grc'><strong>1.</strong></span> <span class='ocrx_word' id='word_1_9' title='bbox 1175 349 1215 414; x_wconf 91' lang='grc'><strong>17</strong></span> 
     </span>
    </p>
   </div>
   <div class='ocr_carea' id='block_1_2' title="bbox 106 512 1220 1110">
    <p class='ocr_par' dir='ltr' id='par_1_2' title="bbox 192 512 1009 599">
     <span class='ocr_line' id='line_1_2' title="bbox 192 512 1009 599; baseline -0.006 -16"><span class='ocrx_word' id='word_1_10' title='bbox 192 520 227 584; x_wconf 94' lang='grc' dir='ltr'><strong>Ρ.</strong></span> <span class='ocrx_word' id='word_1_11' title='bbox 251 517 306 598; x_wconf 78' lang='grc'><strong>52,</strong></span> <span class='ocrx_word' id='word_1_12' title='bbox 327 519 349 581; x_wconf 91' lang='grc'><strong>6</strong></span> <span class='ocrx_word' id='word_1_13' title='bbox 371 536 388 581; x_wconf 90' lang='lat' dir='ltr'><strong>a</strong></span> <span class='ocrx_word' id='word_1_14' title='bbox 410 517 470 580; x_wconf 86' lang='lat' dir='ltr'><strong>tino</strong></span> <span class='ocrx_word' id='word_1_15' title='bbox 492 517 614 599; x_wconf 80' lang='lat' dir='ltr'>corrige</span> <span class='ocrx_word' id='word_1_16' title='bbox 634 512 777 597; x_wconf 74' lang='grc' dir='ltr'><strong><em>εἴκασμα</em></strong></span> <span class='ocrx_word' id='word_1_17' title='bbox 797 535 853 599; x_wconf 84' lang='lat' dir='ltr'><strong>pro</strong></span> <span class='ocrx_word' id='word_1_18' title='bbox 876 515 1009 599; x_wconf 78' lang='grc' dir='ltr'><strong><em>εἴκισμα</em></strong></span> 
     </span>
    </p>

    <p class='ocr_par' dir='ltr' id='par_1_3' title="bbox 106 618 1219 1007">
     <span class='ocr_line' id='line_1_3' title="bbox 193 618 1217 698; baseline 0.002 -13"><span class='ocrx_word' id='word_1_19' title='bbox 193 622 226 685; x_wconf 93' lang='grc' dir='ltr'><strong>Ρ.</strong></span> <span class='ocrx_word' id='word_1_20' title='bbox 255 620 307 683; x_wconf 86' lang='grc'><strong>53.</strong></span> <span class='ocrx_word' id='word_1_21' title='bbox 356 620 466 684; x_wconf 86' lang='lat' dir='ltr'><strong>idaeos</strong></span> <span class='ocrx_word' id='word_1_22' title='bbox 493 624 525 682; x_wconf 86' lang='lat' dir='ltr'><strong>ct</strong></span> <span class='ocrx_word' id='word_1_23' title='bbox 549 618 800 698; x_wconf 84' lang='lat' dir='ltr'><strong>Empiprarncnos</strong></span> <span class='ocrx_word' id='word_1_24' title='bbox 831 621 963 684; x_wconf 85' lang='lat' dir='ltr'><strong>Cobctus</strong></span> <span class='ocrx_word' id='word_1_25' title='bbox 992 620 1123 687; x_wconf 84' lang='lat' dir='ltr'><strong>Observ.</strong></span> <span class='ocrx_word' id='word_1_26' title='bbox 1141 624 1217 687; x_wconf 78' lang='lat' dir='ltr'><strong>crit</strong></span> 
     </span>
     <span class='ocr_line' id='line_1_4' title="bbox 106 718 1217 802; baseline 0.005 -19"><span class='ocrx_word' id='word_1_27' title='bbox 106 722 140 783; x_wconf 89' lang='lat' dir='ltr'><strong>in</strong></span> <span class='ocrx_word' id='word_1_28' title='bbox 163 723 296 788; x_wconf 84' lang='lat' dir='ltr'><strong>Platonis</strong></span> <span class='ocrx_word' id='word_1_29' title='bbox 319 739 397 785; x_wconf 90' lang='lat' dir='ltr'><strong>com.</strong></span> <span class='ocrx_word' id='word_1_30' title='bbox 419 719 528 802; x_wconf 83' lang='lat' dir='ltr'><strong>reliqu.</strong></span> <span class='ocrx_word' id='word_1_31' title='bbox 550 738 581 801; x_wconf 86' lang='lat' dir='ltr'><strong>p.</strong></span> <span class='ocrx_word' id='word_1_32' title='bbox 604 718 655 781; x_wconf 93' lang='grc'><strong>77.</strong></span> <span class='ocrx_word' id='word_1_33' title='bbox 685 720 773 786; x_wconf 84' lang='lat' dir='ltr'><strong>batos</strong></span> <span class='ocrx_word' id='word_1_34' title='bbox 796 723 834 786; x_wconf 83' lang='lat' dir='ltr'><strong>ab</strong></span> <span class='ocrx_word' id='word_1_35' title='bbox 856 722 1033 786; x_wconf 76' lang='lat' dir='ltr'><strong>Aristobulo</strong></span> <span class='ocrx_word' id='word_1_36' title='bbox 1057 722 1217 788; x_wconf 86' lang='lat' dir='ltr'><strong>Cratinea-</strong></span> 
     </span>
     <span class='ocr_line' id='line_1_5' title="bbox 106 822 1219 890; baseline 0.004 -4"><span class='ocrx_word' id='word_1_37' title='bbox 106 842 176 887; x_wconf 89' lang='lat' dir='ltr'><strong>rum</strong></span> <span class='ocrx_word' id='word_1_38' title='bbox 204 824 370 889; x_wconf 82' lang='lat' dir='ltr'><strong>fabularum</strong></span> <span class='ocrx_word' id='word_1_39' title='bbox 396 822 499 886; x_wconf 88' lang='lat' dir='ltr'><strong>titulos</strong></span> <span class='ocrx_word' id='word_1_40' title='bbox 528 839 600 885; x_wconf 86' lang='lat' dir='ltr'><strong>esse</strong></span> <span class='ocrx_word' id='word_1_41' title='bbox 623 822 783 887; x_wconf 81' lang='lat' dir='ltr'><strong>existimat.</strong></span> <span class='ocrx_word' id='word_1_42' title='bbox 832 824 878 887; x_wconf 87' lang='lat' dir='ltr'><strong>Dc</strong></span> <span class='ocrx_word' id='word_1_43' title='bbox 906 824 1080 888; x_wconf 72' lang='lat' dir='ltr'><strong>Aristobulo</strong></span> <span class='ocrx_word' id='word_1_44' title='bbox 1110 824 1219 890; x_wconf 81' lang='lat' dir='ltr'><strong>fallitur</strong></span> 
     </span>
     <span class='ocr_line' id='line_1_6' title="bbox 107 927 322 1007; baseline 0.005 -18"><span class='ocrx_word' id='word_1_45' title='bbox 107 927 322 1007; x_wconf 90' lang='lat' dir='ltr'><strong>proculdubio.</strong></span> 
     </span>
    </p>

    <p class='ocr_par' dir='ltr' id='par_1_4' title="bbox 196 1024 1220 1110">
     <span class='ocr_line' id='line_1_7' title="bbox 196 1024 1220 1110; baseline 0.005 -19"><span class='ocrx_word' id='word_1_46' title='bbox 196 1029 229 1091; x_wconf 94' lang='lat' dir='ltr'><strong>P.</strong></span> <span class='ocrx_word' id='word_1_47' title='bbox 256 1027 299 1090; x_wconf 78' lang='lat'><strong>54</strong></span> <span class='ocrx_word' id='word_1_48' title='bbox 326 1034 358 1091; x_wconf 87' lang='lat' dir='ltr'><strong>ot</strong></span> <span class='ocrx_word' id='word_1_49' title='bbox 385 1029 437 1090; x_wconf 84' lang='lat'><strong>55.</strong></span> <span class='ocrx_word' id='word_1_50' title='bbox 501 1024 535 1087; x_wconf 93' lang='lat' dir='ltr'><strong>ln</strong></span> <span class='ocrx_word' id='word_1_51' title='bbox 572 1026 764 1108; x_wconf 75' lang='lat' dir='ltr'><strong>corrigendis</strong></span> <span class='ocrx_word' id='word_1_52' title='bbox 796 1026 921 1092; x_wconf 83' lang='lat' dir='ltr'><strong>scholiis</strong></span> <span class='ocrx_word' id='word_1_53' title='bbox 953 1028 1109 1110; x_wconf 89' lang='lat' dir='ltr'><strong>Aristoph.</strong></span> <span class='ocrx_word' id='word_1_54' title='bbox 1134 1031 1220 1096; x_wconf 81' lang='lat' dir='ltr'><strong>Eccl.</strong></span> 
     </span>
    </p>
   </div>
   <div class='ocr_carea' id='block_1_3' title="bbox 113 1107 1323 1210">
    <p class='ocr_par' dir='ltr' id='par_1_5' title="bbox 113 1107 1323 1210">
     <span class='ocr_line' id='line_1_8' title="bbox 113 1107 1323 1210; baseline 0.006 -20"><span class='ocrx_word' id='word_1_55' title='bbox 113 1126 193 1192; x_wconf 93' lang='grc'>1081</span> <span class='ocrx_word' id='word_1_56' title='bbox 218 1128 341 1207; x_wconf 85' lang='grc'>(1134)</span> <span class='ocrx_word' id='word_1_57' title='bbox 369 1128 500 1194; x_wconf 87' lang='lat' dir='ltr'><strong>eandem</strong></span> <span class='ocrx_word' id='word_1_58' title='bbox 521 1128 739 1210; x_wconf 84' lang='lat' dir='ltr'><strong>propemodum</strong></span> <span class='ocrx_word' id='word_1_59' title='bbox 762 1133 910 1194; x_wconf 82' lang='lat' dir='ltr'><strong>ratmnem</strong></span> <span class='ocrx_word' id='word_1_60' title='bbox 937 1132 1003 1194; x_wconf 88' lang='lat' dir='ltr'><strong>iniit</strong></span> <span class='ocrx_word' id='word_1_61' title='bbox 1024 1130 1060 1195; x_wconf 87' lang='lat' dir='ltr'><strong>G.</strong></span> <span class='ocrx_word' id='word_1_62' title='bbox 1083 1132 1222 1197; x_wconf 87' lang='lat' dir='ltr'><strong>Dindor·</strong></span> <span class='ocrx_word' id='word_1_63' title='bbox 1318 1107 1323 1119; x_wconf 54' lang='grc'><em>’</em></span> 
     </span>
    </p>
   </div>
   <div class='ocr_carea' id='block_1_4' title="bbox 110 1229 1238 4067">
    <p class='ocr_par' dir='ltr' id='par_1_6' title="bbox 110 1229 1223 1822">
     <span class='ocr_line' id='line_1_9' title="bbox 110 1229 1222 1311; baseline 0.004 -16"><span class='ocrx_word' id='word_1_64' title='bbox 110 1230 179 1311; x_wconf 84' lang='lat' dir='ltr'><strong>llas,</strong></span> <span class='ocrx_word' id='word_1_65' title='bbox 207 1234 292 1297; x_wconf 81' lang='lat' dir='ltr'><strong>caiam</strong></span> <span class='ocrx_word' id='word_1_66' title='bbox 322 1231 505 1296; x_wconf 76' lang='lat' dir='ltr'><strong>scholiorum</strong></span> <span class='ocrx_word' id='word_1_67' title='bbox 524 1229 736 1311; x_wconf 71' lang='lat' dir='ltr'><strong>Aristophanis</strong></span> <span class='ocrx_word' id='word_1_68' title='bbox 764 1231 838 1296; x_wconf 87' lang='lat' dir='ltr'><strong>adit.</strong></span> <span class='ocrx_word' id='word_1_69' title='bbox 862 1231 962 1295; x_wconf 84' lang='lat' dir='ltr'><strong>Oxon.</strong></span> <span class='ocrx_word' id='word_1_70' title='bbox 991 1231 1075 1295; x_wconf 86' lang='grc'>1838</span> <span class='ocrx_word' id='word_1_71' title='bbox 1101 1235 1222 1300; x_wconf 87' lang='lat' dir='ltr'><strong>demum</strong></span> 
     </span>
     <span class='ocr_line' id='line_1_10' title="bbox 111 1331 1223 1411; baseline 0.004 -15"><span class='ocrx_word' id='word_1_72' title='bbox 111 1351 195 1400; x_wconf 85' lang='lat' dir='ltr'><strong>anno</strong></span> <span class='ocrx_word' id='word_1_73' title='bbox 217 1333 300 1396; x_wconf 87' lang='grc'>1840</span> <span class='ocrx_word' id='word_1_74' title='bbox 322 1335 352 1395; x_wconf 93' lang='lat' dir='ltr'><strong>in</strong></span> <span class='ocrx_word' id='word_1_75' title='bbox 368 1331 559 1397; x_wconf 84' lang='lat' dir='ltr'><strong>Germaniam</strong></span> <span class='ocrx_word' id='word_1_76' title='bbox 581 1331 695 1411; x_wconf 85' lang='lat' dir='ltr'><strong>perlata</strong></span> <span class='ocrx_word' id='word_1_77' title='bbox 718 1342 775 1397; x_wconf 86' lang='lat' dir='ltr'><strong>est.</strong></span> <span class='ocrx_word' id='word_1_78' title='bbox 809 1335 905 1408; x_wconf 84' lang='lat' dir='ltr'><strong>Quam</strong></span> <span class='ocrx_word' id='word_1_79' title='bbox 926 1334 1039 1397; x_wconf 87' lang='lat' dir='ltr'><strong>ibidem</strong></span> <span class='ocrx_word' id='word_1_80' title='bbox 1061 1336 1092 1397; x_wconf 93' lang='lat' dir='ltr'><strong>in</strong></span> <span class='ocrx_word' id='word_1_81' title='bbox 1114 1338 1223 1400; x_wconf 86' lang='lat' dir='ltr'><strong>iisdem</strong></span> 
     </span>
     <span class='ocr_line' id='line_1_11' title="bbox 112 1432 1223 1516; baseline 0.003 -16"><span class='ocrx_word' id='word_1_82' title='bbox 112 1435 211 1502; x_wconf 89' lang='lat' dir='ltr'><strong>schol.</strong></span> <span class='ocrx_word' id='word_1_83' title='bbox 241 1436 279 1499; x_wconf 91' lang='lat' dir='ltr'><strong>ad</strong></span> <span class='ocrx_word' id='word_1_84' title='bbox 298 1435 428 1499; x_wconf 86' lang='lat' dir='ltr'><strong>eandem</strong></span> <span class='ocrx_word' id='word_1_85' title='bbox 450 1433 582 1497; x_wconf 82' lang='lat' dir='ltr'><strong>fabulam</strong></span> <span class='ocrx_word' id='word_1_86' title='bbox 608 1432 689 1495; x_wconf 86' lang='grc'>1052</span> <span class='ocrx_word' id='word_1_87' title='bbox 716 1434 825 1508; x_wconf 82' lang='grc'>(909)</span> <span class='ocrx_word' id='word_1_88' title='bbox 848 1436 994 1516; x_wconf 89' lang='lat' dir='ltr'><strong>proposui</strong></span> <span class='ocrx_word' id='word_1_89' title='bbox 1015 1437 1223 1503; x_wconf 85' lang='lat' dir='ltr'><strong>coniecturam</strong></span> 
     </span>
     <span class='ocr_line' id='line_1_12' title="bbox 112 1518 1222 1616; baseline 0.005 -17"><span class='ocrx_word' id='word_1_90' title='bbox 112 1529 319 1615; x_wconf 71' lang='lat' dir='ltr'><strong>trincheias</strong></span> <span class='ocrx_word' id='word_1_91' title='bbox 340 1531 508 1616; x_wconf 78' lang='grc' dir='ltr'><strong>δημοσίαν</strong></span> <span class='ocrx_word' id='word_1_92' title='bbox 529 1518 632 1610; x_wconf 75' lang='grc' dir='ltr'><strong>εἶναι,</strong></span> <span class='ocrx_word' id='word_1_93' title='bbox 661 1534 866 1599; x_wconf 73' lang='lat' dir='ltr'><strong>scommatum</strong></span> <span class='ocrx_word' id='word_1_94' title='bbox 893 1555 975 1600; x_wconf 92' lang='lat' dir='ltr'><strong>nunc</strong></span> <span class='ocrx_word' id='word_1_95' title='bbox 995 1537 1087 1602; x_wconf 87' lang='lat' dir='ltr'><strong>video</strong></span> <span class='ocrx_word' id='word_1_96' title='bbox 1109 1558 1127 1602; x_wconf 93' lang='lat' dir='ltr'><strong>a</strong></span> <span class='ocrx_word' id='word_1_97' title='bbox 1150 1540 1222 1605; x_wconf 91' lang='lat' dir='ltr'><strong>cod.</strong></span> 
     </span>
     <span class='ocr_line' id='line_1_13' title="bbox 112 1630 1223 1718; baseline 0.001 -15"><span class='ocrx_word' id='word_1_98' title='bbox 112 1640 189 1704; x_wconf 82' lang='lat' dir='ltr'><strong>llas.</strong></span> <span class='ocrx_word' id='word_1_99' title='bbox 211 1630 464 1703; x_wconf 76' lang='lat' dir='ltr'><strong>Proliuaua‘voo</strong></span> <span class='ocrx_word' id='word_1_100' title='bbox 485 1638 515 1700; x_wconf 92' lang='lat' dir='ltr'><strong>in</strong></span> <span class='ocrx_word' id='word_1_101' title='bbox 537 1635 750 1718; x_wconf 76' lang='lat' dir='ltr'><strong>Aristophanis</strong></span> <span class='ocrx_word' id='word_1_102' title='bbox 769 1637 841 1702; x_wconf 91' lang='lat' dir='ltr'><strong>loco</strong></span> <span class='ocrx_word' id='word_1_103' title='bbox 864 1639 1059 1703; x_wconf 90' lang='lat' dir='ltr'><strong>scribendum</strong></span> <span class='ocrx_word' id='word_1_104' title='bbox 1082 1638 1223 1704; x_wconf 83' lang='grc' dir='ltr'><strong><em>Καννω-</em></strong></span> 
     </span>
     <span class='ocr_line' id='line_1_14' title="bbox 111 1738 1127 1822; baseline 0.003 -18"><span class='ocrx_word' id='word_1_105' title='bbox 111 1738 185 1808; x_wconf 82' lang='grc' dir='ltr'><strong><em>νοῦ.</em></strong></span> <span class='ocrx_word' id='word_1_106' title='bbox 228 1740 305 1803; x_wconf 88' lang='lat' dir='ltr'><strong>Vide</strong></span> <span class='ocrx_word' id='word_1_107' title='bbox 328 1739 556 1822; x_wconf 81' lang='lat' dir='ltr'><strong>Theognostum</strong></span> <span class='ocrx_word' id='word_1_108' title='bbox 580 1740 713 1803; x_wconf 81' lang='lat' dir='ltr'><strong>Cramari</strong></span> <span class='ocrx_word' id='word_1_109' title='bbox 735 1741 794 1804; x_wconf 94' lang='lat' dir='ltr'><strong>An.</strong></span> <span class='ocrx_word' id='word_1_110' title='bbox 819 1741 876 1804; x_wconf 81' lang='lat' dir='ltr'><strong>Ox.</strong></span> <span class='ocrx_word' id='word_1_111' title='bbox 899 1740 925 1805; x_wconf 93' lang='lat' dir='ltr'><strong>ll</strong></span> <span class='ocrx_word' id='word_1_112' title='bbox 946 1759 974 1821; x_wconf 90' lang='lat' dir='ltr'><strong>p.</strong></span> <span class='ocrx_word' id='word_1_113' title='bbox 998 1740 1052 1822; x_wconf 93' lang='grc'><strong>68,</strong></span> <span class='ocrx_word' id='word_1_114' title='bbox 1076 1743 1127 1807; x_wconf 90' lang='grc'><strong>10.</strong></span> 
     </span>
    </p>

    <p class='ocr_par' dir='ltr' id='par_1_7' title="bbox 200 1833 990 1925">
     <span class='ocr_line' id='line_1_15' title="bbox 200 1833 990 1925; baseline -0.003 -19"><span class='ocrx_word' id='word_1_115' title='bbox 200 1844 232 1906; x_wconf 96' lang='grc' dir='ltr'><strong>Ρ.</strong></span> <span class='ocrx_word' id='word_1_116' title='bbox 255 1841 338 1906; x_wconf 83' lang='lat'><strong>591.</strong></span> <span class='ocrx_word' id='word_1_117' title='bbox 360 1843 380 1903; x_wconf 80' lang='lat'>5</span> <span class='ocrx_word' id='word_1_118' title='bbox 404 1848 436 1905; x_wconf 88' lang='lat' dir='ltr'><strong>et</strong></span> <span class='ocrx_word' id='word_1_119' title='bbox 456 1842 477 1904; x_wconf 87' lang='grc'><strong>6</strong></span> <span class='ocrx_word' id='word_1_120' title='bbox 499 1861 517 1905; x_wconf 89' lang='lat' dir='ltr'><strong>a</strong></span> <span class='ocrx_word' id='word_1_121' title='bbox 538 1842 598 1905; x_wconf 85' lang='lat' dir='ltr'><strong>fine</strong></span> <span class='ocrx_word' id='word_1_122' title='bbox 621 1861 700 1905; x_wconf 88' lang='lat' dir='ltr'><strong>corr.</strong></span> <span class='ocrx_word' id='word_1_123' title='bbox 723 1833 990 1925; x_wconf 71' lang='grc' dir='ltr'><strong><em>ἇπαμιιβὸμννσο</em></strong></span> 
     </span>
    </p>

    <p class='ocr_par' dir='ltr' id='par_1_8' title="bbox 202 1941 735 2024">
     <span class='ocr_line' id='line_1_16' title="bbox 202 1941 735 2024; baseline -0.002 -17"><span class='ocrx_word' id='word_1_124' title='bbox 202 1947 232 2008; x_wconf 90' lang='lat' dir='ltr'><strong>P.</strong></span> <span class='ocrx_word' id='word_1_125' title='bbox 255 1944 305 2022; x_wconf 90' lang='grc'><strong>61,</strong></span> <span class='ocrx_word' id='word_1_126' title='bbox 328 1943 363 2005; x_wconf 94' lang='grc'><strong>11</strong></span> <span class='ocrx_word' id='word_1_127' title='bbox 386 1961 445 2006; x_wconf 89' lang='lat' dir='ltr'><strong>scr.</strong></span> <span class='ocrx_word' id='word_1_128' title='bbox 469 1941 551 2005; x_wconf 86' lang='grc'>1838</span> <span class='ocrx_word' id='word_1_129' title='bbox 574 1961 629 2024; x_wconf 89' lang='lat' dir='ltr'><strong>pro</strong></span> <span class='ocrx_word' id='word_1_130' title='bbox 652 1943 735 2006; x_wconf 76' lang='lat'>1828</span> 
     </span>
    </p>

    <p class='ocr_par' dir='ltr' id='par_1_9' title="bbox 241 2038 606 2116">
     <span class='ocr_line' id='line_1_17' title="bbox 241 2038 606 2116; baseline -0.019 -7"><span class='ocrx_word' id='word_1_131' title='bbox 241 2045 283 2109; x_wconf 87' lang='lat' dir='ltr'><strong>lb.</strong></span> <span class='ocrx_word' id='word_1_132' title='bbox 307 2043 326 2106; x_wconf 91' lang='lat' dir='ltr'><strong>l.</strong></span> <span class='ocrx_word' id='word_1_133' title='bbox 348 2041 371 2103; x_wconf 83' lang='lat'>4</span> <span class='ocrx_word' id='word_1_134' title='bbox 392 2061 411 2104; x_wconf 86' lang='lat' dir='ltr'><strong>a</strong></span> <span class='ocrx_word' id='word_1_135' title='bbox 433 2041 493 2106; x_wconf 79' lang='lat' dir='ltr'><strong>tine</strong></span> <span class='ocrx_word' id='word_1_136' title='bbox 514 2038 606 2116; x_wconf 74' lang='grc' dir='ltr'><strong><em>ἐντὸς</em></strong></span> 
     </span>
    </p>

    <p class='ocr_par' dir='ltr' id='par_1_10' title="bbox 115 2136 1227 2434">
     <span class='ocr_line' id='line_1_18' title="bbox 202 2136 1227 2228; baseline 0.002 -19"><span class='ocrx_word' id='word_1_137' title='bbox 202 2147 236 2210; x_wconf 93' lang='grc' dir='ltr'><strong>Ρ.</strong></span> <span class='ocrx_word' id='word_1_138' title='bbox 259 2144 318 2224; x_wconf 83' lang='grc'><strong>62,</strong></span> <span class='ocrx_word' id='word_1_139' title='bbox 348 2142 388 2205; x_wconf 84' lang='grc'><strong>12</strong></span> <span class='ocrx_word' id='word_1_140' title='bbox 417 2162 473 2225; x_wconf 90' lang='lat' dir='ltr'><strong>pro</strong></span> <span class='ocrx_word' id='word_1_141' title='bbox 502 2136 683 2228; x_wconf 79' lang='lat' dir='ltr'><strong>npota&#39;motc</strong></span> <span class='ocrx_word' id='word_1_142' title='bbox 709 2146 832 2228; x_wconf 85' lang='lat' dir='ltr'><strong>corrige</strong></span> <span class='ocrx_word' id='word_1_143' title='bbox 855 2144 1046 2225; x_wconf 65' lang='grc' dir='ltr'><strong><em>προτομαῖς.</em></strong></span> <span class='ocrx_word' id='word_1_144' title='bbox 1095 2146 1168 2211; x_wconf 81' lang='lat' dir='ltr'><strong>Mox</strong></span> <span class='ocrx_word' id='word_1_145' title='bbox 1195 2146 1227 2211; x_wconf 87' lang='lat' dir='ltr'><strong>in</strong></span> 
     </span>
     <span class='ocr_line' id='line_1_19' title="bbox 115 2237 1226 2333; baseline -0.001 -21"><span class='ocrx_word' id='word_1_146' title='bbox 115 2249 240 2332; x_wconf 83' lang='lat' dir='ltr'><strong>Fragm.</strong></span> <span class='ocrx_word' id='word_1_147' title='bbox 264 2247 305 2326; x_wconf 89' lang='lat' dir='ltr'><strong>ll,</strong></span> <span class='ocrx_word' id='word_1_148' title='bbox 331 2246 360 2313; x_wconf 91' lang='lat'><strong>1.</strong></span> <span class='ocrx_word' id='word_1_149' title='bbox 384 2247 522 2333; x_wconf 75' lang='lat' dir='ltr'><strong>Scaliger</strong></span> <span class='ocrx_word' id='word_1_150' title='bbox 544 2247 582 2311; x_wconf 84' lang='lat' dir='ltr'><strong>ad</strong></span> <span class='ocrx_word' id='word_1_151' title='bbox 605 2246 769 2311; x_wconf 88' lang='lat' dir='ltr'><strong>Eusebium</strong></span> <span class='ocrx_word' id='word_1_152' title='bbox 792 2264 847 2327; x_wconf 90' lang='lat' dir='ltr'><strong>pro</strong></span> <span class='ocrx_word' id='word_1_153' title='bbox 869 2237 1011 2329; x_wconf 84' lang='grc' dir='ltr'><strong><em>μαστοία</em></strong></span> <span class='ocrx_word' id='word_1_154' title='bbox 1033 2249 1122 2312; x_wconf 86' lang='lat' dir='ltr'><strong>tacite</strong></span> <span class='ocrx_word' id='word_1_155' title='bbox 1143 2250 1226 2313; x_wconf 85' lang='lat' dir='ltr'><strong>scri·</strong></span> 
     </span>
     <span class='ocr_line' id='line_1_20' title="bbox 117 2345 354 2434; baseline -0.013 -18"><span class='ocrx_word' id='word_1_156' title='bbox 117 2355 177 2433; x_wconf 81' lang='lat' dir='ltr'><strong>psit</strong></span> <span class='ocrx_word' id='word_1_157' title='bbox 199 2345 354 2434; x_wconf 73' lang='grc' dir='ltr'><strong><em>μαστιὺω</em></strong></span> 
     </span>
    </p>

    <p class='ocr_par' dir='ltr' id='par_1_11' title="bbox 204 2452 625 2533">
     <span class='ocr_line' id='line_1_21' title="bbox 204 2452 625 2533; baseline 0 -17"><span class='ocrx_word' id='word_1_158' title='bbox 204 2455 235 2517; x_wconf 89' lang='grc' dir='ltr'><strong>Ρ.</strong></span> <span class='ocrx_word' id='word_1_159' title='bbox 258 2452 309 2533; x_wconf 93' lang='grc'><strong>67,</strong></span> <span class='ocrx_word' id='word_1_160' title='bbox 331 2452 353 2516; x_wconf 93' lang='grc'>8</span> <span class='ocrx_word' id='word_1_161' title='bbox 374 2471 433 2516; x_wconf 90' lang='lat' dir='ltr'><strong>scr.</strong></span> <span class='ocrx_word' id='word_1_162' title='bbox 457 2453 625 2532; x_wconf 88' lang='lat' dir='ltr'><strong>impetuoso</strong></span> 
     </span>
    </p>

    <p class='ocr_par' dir='ltr' id='par_1_12' title="bbox 117 2553 1228 2740">
     <span class='ocr_line' id='line_1_22' title="bbox 204 2553 1228 2640; baseline 0 -22"><span class='ocrx_word' id='word_1_163' title='bbox 204 2555 237 2618; x_wconf 93' lang='lat' dir='ltr'><strong>P.</strong></span> <span class='ocrx_word' id='word_1_164' title='bbox 261 2555 314 2633; x_wconf 89' lang='grc'><strong>60,</strong></span> <span class='ocrx_word' id='word_1_165' title='bbox 337 2555 356 2616; x_wconf 90' lang='grc'>5</span> <span class='ocrx_word' id='word_1_166' title='bbox 380 2553 442 2620; x_wconf 87' lang='lat' dir='ltr'><strong>Sed</strong></span> <span class='ocrx_word' id='word_1_167' title='bbox 464 2561 550 2618; x_wconf 91' lang='lat' dir='ltr'><strong>recte</strong></span> <span class='ocrx_word' id='word_1_168' title='bbox 572 2555 747 2633; x_wconf 87' lang='lat' dir='ltr'><strong>Bentleius]</strong></span> <span class='ocrx_word' id='word_1_169' title='bbox 772 2559 865 2640; x_wconf 85' lang='lat' dir='ltr'><strong>negat</strong></span> <span class='ocrx_word' id='word_1_170' title='bbox 886 2554 923 2618; x_wconf 89' lang='lat' dir='ltr'><strong>ll.</strong></span> <span class='ocrx_word' id='word_1_171' title='bbox 943 2555 1090 2637; x_wconf 89' lang='lat' dir='ltr'><strong>Sauppius</strong></span> <span class='ocrx_word' id='word_1_172' title='bbox 1113 2573 1162 2637; x_wconf 83' lang='lat' dir='ltr'><strong>cp.</strong></span> <span class='ocrx_word' id='word_1_173' title='bbox 1186 2574 1228 2619; x_wconf 91' lang='lat' dir='ltr'><strong>cr.</strong></span> 
     </span>
     <span class='ocr_line' id='line_1_23' title="bbox 117 2656 391 2740; baseline 0 -21"><span class='ocrx_word' id='word_1_174' title='bbox 117 2675 188 2740; x_wconf 87' lang='lat' dir='ltr'><strong>pag.</strong></span> <span class='ocrx_word' id='word_1_175' title='bbox 211 2656 264 2720; x_wconf 85' lang='grc'><strong>64.</strong></span> <span class='ocrx_word' id='word_1_176' title='bbox 307 2657 345 2720; x_wconf 87' lang='grc' dir='ltr'><strong>Η.</strong></span> <span class='ocrx_word' id='word_1_177' title='bbox 367 2656 391 2719; x_wconf 93' lang='grc' dir='ltr'><strong>Ι.</strong></span> 
     </span>
    </p>

    <p class='ocr_par' dir='ltr' id='par_1_13' title="bbox 118 2747 1233 3345">
     <span class='ocr_line' id='line_1_24' title="bbox 225 2747 1230 2843; baseline 0.001 -22"><span class='ocrx_word' id='word_1_178' title='bbox 225 2759 300 2822; x_wconf 94' lang='lat' dir='ltr'><strong>lbid.</strong></span> <span class='ocrx_word' id='word_1_179' title='bbox 355 2757 475 2842; x_wconf 81' lang='lat' dir='ltr'><strong>Fragm.</strong></span> <span class='ocrx_word' id='word_1_180' title='bbox 503 2755 552 2819; x_wconf 91' lang='lat' dir='ltr'><strong>1v.</strong></span> <span class='ocrx_word' id='word_1_181' title='bbox 600 2758 669 2822; x_wconf 87' lang='lat' dir='ltr'><strong>Non</strong></span> <span class='ocrx_word' id='word_1_182' title='bbox 696 2757 805 2836; x_wconf 76' lang='grc' dir='ltr'><strong><em>αἴθης</em></strong></span> <span class='ocrx_word' id='word_1_183' title='bbox 837 2758 894 2822; x_wconf 88' lang='lat' dir='ltr'><strong>sed</strong></span> <span class='ocrx_word' id='word_1_184' title='bbox 925 2747 1032 2834; x_wconf 65' lang='grc' dir='ltr'><strong><em>αἰθὴρ</em></strong></span> <span class='ocrx_word' id='word_1_185' title='bbox 1066 2761 1230 2843; x_wconf 88' lang='lat' dir='ltr'><strong>genuinam</strong></span> 
     </span>
     <span class='ocr_line' id='line_1_25' title="bbox 118 2860 1229 2941; baseline 0.002 -18"><span class='ocrx_word' id='word_1_186' title='bbox 118 2860 208 2926; x_wconf 85' lang='lat' dir='ltr'><strong>huius</strong></span> <span class='ocrx_word' id='word_1_187' title='bbox 230 2862 371 2927; x_wconf 87' lang='lat' dir='ltr'><strong>adiectivi</strong></span> <span class='ocrx_word' id='word_1_188' title='bbox 394 2861 570 2941; x_wconf 88' lang='lat' dir='ltr'><strong>scripturam</strong></span> <span class='ocrx_word' id='word_1_189' title='bbox 594 2880 666 2926; x_wconf 89' lang='lat' dir='ltr'><strong>esse</strong></span> <span class='ocrx_word' id='word_1_190' title='bbox 688 2865 803 2927; x_wconf 84' lang='lat' dir='ltr'><strong>monuit</strong></span> <span class='ocrx_word' id='word_1_191' title='bbox 825 2863 914 2924; x_wconf 91' lang='lat' dir='ltr'><strong>etiam</strong></span> <span class='ocrx_word' id='word_1_192' title='bbox 936 2861 1049 2939; x_wconf 77' lang='lat' dir='ltr'><strong>Pisias,</strong></span> <span class='ocrx_word' id='word_1_193' title='bbox 1071 2861 1153 2941; x_wconf 87' lang='lat' dir='ltr'><strong>quod</strong></span> <span class='ocrx_word' id='word_1_194' title='bbox 1177 2862 1229 2925; x_wconf 89' lang='lat' dir='ltr'><strong>di·</strong></span> 
     </span>
     <span class='ocr_line' id='line_1_26' title="bbox 121 2961 1230 3047; baseline -0.002 -21"><span class='ocrx_word' id='word_1_195' title='bbox 121 2965 182 3027; x_wconf 91' lang='lat' dir='ltr'><strong>dici</strong></span> <span class='ocrx_word' id='word_1_196' title='bbox 205 2984 244 3028; x_wconf 80' lang='lat' dir='ltr'><strong>cn</strong></span> <span class='ocrx_word' id='word_1_197' title='bbox 267 2962 421 3027; x_wconf 86' lang='lat' dir='ltr'><strong>Lautsohii</strong></span> <span class='ocrx_word' id='word_1_198' title='bbox 444 2964 643 3027; x_wconf 84' lang='lat' dir='ltr'><strong>annotatione</strong></span> <span class='ocrx_word' id='word_1_199' title='bbox 666 2966 705 3028; x_wconf 92' lang='lat' dir='ltr'><strong>ad</strong></span> <span class='ocrx_word' id='word_1_200' title='bbox 728 2965 854 3028; x_wconf 89' lang='lat' dir='ltr'><strong>Zenobii</strong></span> <span class='ocrx_word' id='word_1_201' title='bbox 878 2965 962 3027; x_wconf 84' lang='lat' dir='ltr'><strong>Ceut.</strong></span> <span class='ocrx_word' id='word_1_202' title='bbox 985 2963 1008 3044; x_wconf 89' lang='lat'><strong>1,</strong></span> <span class='ocrx_word' id='word_1_203' title='bbox 1030 2961 1083 3025; x_wconf 84' lang='lat'><strong>33.</strong></span> <span class='ocrx_word' id='word_1_204' title='bbox 1126 2962 1230 3047; x_wconf 85' lang='lat' dir='ltr'><strong>Berg-</strong></span> 
     </span>
     <span class='ocr_line' id='line_1_27' title="bbox 119 3058 1231 3153; baseline 0.001 -25"><span class='ocrx_word' id='word_1_205' title='bbox 119 3066 188 3129; x_wconf 80' lang='lat' dir='ltr'><strong>lrius</strong></span> <span class='ocrx_word' id='word_1_206' title='bbox 211 3073 310 3129; x_wconf 86' lang='lat' dir='ltr'><strong>autem</strong></span> <span class='ocrx_word' id='word_1_207' title='bbox 321 3064 359 3128; x_wconf 86' lang='lat' dir='ltr'><strong>ad</strong></span> <span class='ocrx_word' id='word_1_208' title='bbox 372 3063 490 3126; x_wconf 89' lang='lat' dir='ltr'><strong>Pindar.</strong></span> <span class='ocrx_word' id='word_1_209' title='bbox 513 3082 542 3144; x_wconf 93' lang='lat' dir='ltr'><strong>p.</strong></span> <span class='ocrx_word' id='word_1_210' title='bbox 553 3063 605 3129; x_wconf 83' lang='lat'><strong>41.</strong></span> <span class='ocrx_word' id='word_1_211' title='bbox 636 3058 743 3153; x_wconf 73' lang='grc' dir='ltr'><strong><em>αίθῇς</em></strong></span> <span class='ocrx_word' id='word_1_212' title='bbox 756 3066 827 3130; x_wconf 88' lang='lat' dir='ltr'><strong>illud</strong></span> <span class='ocrx_word' id='word_1_213' title='bbox 840 3066 1021 3131; x_wconf 87' lang='lat' dir='ltr'><strong>adiectivum</strong></span> <span class='ocrx_word' id='word_1_214' title='bbox 1035 3063 1231 3130; x_wconf 86' lang='lat' dir='ltr'><strong>scribendum</strong></span> 
     </span>
     <span class='ocr_line' id='line_1_28' title="bbox 121 3157 1233 3253; baseline -0.003 -23"><span class='ocrx_word' id='word_1_215' title='bbox 121 3185 193 3231; x_wconf 88' lang='lat' dir='ltr'><strong>csse</strong></span> <span class='ocrx_word' id='word_1_216' title='bbox 207 3168 367 3245; x_wconf 81' lang='lat' dir='ltr'><strong>existimat,</strong></span> <span class='ocrx_word' id='word_1_217' title='bbox 390 3170 422 3228; x_wconf 89' lang='lat' dir='ltr'><strong>et</strong></span> <span class='ocrx_word' id='word_1_218' title='bbox 434 3166 465 3227; x_wconf 91' lang='lat' dir='ltr'><strong>in</strong></span> <span class='ocrx_word' id='word_1_219' title='bbox 479 3166 592 3230; x_wconf 82' lang='lat' dir='ltr'><strong>Cratini</strong></span> <span class='ocrx_word' id='word_1_220' title='bbox 613 3186 705 3232; x_wconf 84' lang='lat' dir='ltr'><strong>versu</strong></span> <span class='ocrx_word' id='word_1_221' title='bbox 720 3169 859 3250; x_wconf 81' lang='lat' dir='ltr'><strong>corrigit:</strong></span> <span class='ocrx_word' id='word_1_222' title='bbox 882 3157 1233 3253; x_wconf 70' lang='grc' dir='ltr'><strong><em>ἐκβάλλοντσςαίθῇν-</em></strong></span> 
     </span>
     <span class='ocr_line' id='line_1_29' title="bbox 120 3266 356 3345; baseline 0.008 -14"><span class='ocrx_word' id='word_1_223' title='bbox 120 3288 181 3345; x_wconf 77' lang='grc' dir='ltr'><strong>τας</strong></span> <span class='ocrx_word' id='word_1_224' title='bbox 201 3266 356 3343; x_wconf 77' lang='grc' dir='ltr'><strong><em>πέπλους.</em></strong></span> 
     </span>
    </p>

    <p class='ocr_par' dir='ltr' id='par_1_14' title="bbox 117 3366 1234 3555">
     <span class='ocr_line' id='line_1_30' title="bbox 204 3366 1234 3454; baseline -0.005 -21"><span class='ocrx_word' id='word_1_225' title='bbox 204 3373 236 3435; x_wconf 95' lang='lat' dir='ltr'><strong>P.</strong></span> <span class='ocrx_word' id='word_1_226' title='bbox 260 3369 312 3433; x_wconf 89' lang='grc'><strong>73.</strong></span> <span class='ocrx_word' id='word_1_227' title='bbox 376 3369 487 3435; x_wconf 84' lang='lat' dir='ltr'><strong>Sextus</strong></span> <span class='ocrx_word' id='word_1_228' title='bbox 508 3389 616 3437; x_wconf 84' lang='lat' dir='ltr'><strong>versus</strong></span> <span class='ocrx_word' id='word_1_229' title='bbox 635 3371 808 3454; x_wconf 81' lang='lat' dir='ltr'><strong>Fragment.</strong></span> <span class='ocrx_word' id='word_1_230' title='bbox 830 3369 842 3431; x_wconf 98' lang='lat' dir='ltr'><strong>l</strong></span> <span class='ocrx_word' id='word_1_231' title='bbox 864 3368 1079 3432; x_wconf 79' lang='lat' dir='ltr'><strong>hlolthacoruna</strong></span> <span class='ocrx_word' id='word_1_232' title='bbox 1101 3366 1234 3429; x_wconf 82' lang='lat' dir='ltr'><strong>fortasse</strong></span> 
     </span>
     <span class='ocr_line' id='line_1_31' title="bbox 117 3472 455 3555; baseline -0.006 -18"><span class='ocrx_word' id='word_1_233' title='bbox 117 3475 160 3537; x_wconf 90' lang='lat' dir='ltr'><strong>ita</strong></span> <span class='ocrx_word' id='word_1_234' title='bbox 182 3472 369 3555; x_wconf 86' lang='lat' dir='ltr'><strong>supplendus</strong></span> <span class='ocrx_word' id='word_1_235' title='bbox 392 3478 455 3536; x_wconf 82' lang='lat' dir='ltr'><strong>cst:</strong></span> 
     </span>
    </p>

    <p class='ocr_par' dir='ltr' id='par_1_15' title="bbox 270 3562 1132 3660">
     <span class='ocr_line' id='line_1_32' title="bbox 270 3562 1132 3660; baseline -0.009 -24"><span class='ocrx_word' id='word_1_236' title='bbox 270 3566 469 3658; x_wconf 73' lang='grc' dir='ltr'><strong><em>ἀνθρύσκου</em></strong></span> <span class='ocrx_word' id='word_1_237' title='bbox 490 3568 620 3660; x_wconf 75' lang='grc' dir='ltr'><strong><em>φὸβῃσί</em></strong></span> <span class='ocrx_word' id='word_1_238' title='bbox 641 3595 675 3637; x_wconf 75' lang='grc' dir='ltr'><strong>σε</strong></span> <span class='ocrx_word' id='word_1_239' title='bbox 695 3568 782 3658; x_wconf 82' lang='grc' dir='ltr'><strong><em>μίλῳ</em></strong></span> <span class='ocrx_word' id='word_1_240' title='bbox 803 3590 836 3632; x_wconf 77' lang='grc' dir='ltr'><strong>τε</strong></span> <span class='ocrx_word' id='word_1_241' title='bbox 859 3569 917 3633; x_wconf 80' lang='grc' dir='ltr'><strong>καὶ</strong></span> <span class='ocrx_word' id='word_1_242' title='bbox 938 3562 1132 3651; x_wconf 75' lang='grc' dir='ltr'><strong><em>θρυαλλίδι.</em></strong></span> 
     </span>
    </p>

    <p class='ocr_par' dir='ltr' id='par_1_16' title="bbox 119 3665 1237 3964">
     <span class='ocr_line' id='line_1_33' title="bbox 119 3665 1236 3760; baseline -0.008 -21"><span class='ocrx_word' id='word_1_243' title='bbox 119 3676 228 3740; x_wconf 76' lang='lat' dir='ltr'><strong>Pollux</strong></span> <span class='ocrx_word' id='word_1_244' title='bbox 253 3675 273 3740; x_wconf 89' lang='lat' dir='ltr'><strong>l.</strong></span> <span class='ocrx_word' id='word_1_245' title='bbox 302 3677 323 3740; x_wconf 89' lang='grc'><strong>1.</strong></span> <span class='ocrx_word' id='word_1_246' title='bbox 358 3675 525 3760; x_wconf 77' lang='grc' dir='ltr'><strong><em>μέμνηται</em></strong></span> <span class='ocrx_word' id='word_1_247' title='bbox 551 3712 591 3723; x_wconf 96' lang='grc'><strong>-</strong></span> <span class='ocrx_word' id='word_1_248' title='bbox 621 3674 789 3760; x_wconf 80' lang='grc' dir='ltr'><strong><em>Κρατῖνος</em></strong></span> <span class='ocrx_word' id='word_1_249' title='bbox 809 3669 845 3734; x_wconf 76' lang='grc' dir='ltr'><strong>ἐν</strong></span> <span class='ocrx_word' id='word_1_250' title='bbox 868 3668 1076 3742; x_wconf 72' lang='grc' dir='ltr'><strong><em>Μαλθακοῖς</em></strong></span> <span class='ocrx_word' id='word_1_251' title='bbox 1104 3702 1144 3717; x_wconf 88' lang='grc'><strong>-</strong></span> <span class='ocrx_word' id='word_1_252' title='bbox 1176 3665 1236 3730; x_wconf 75' lang='grc' dir='ltr'><strong>καὶ</strong></span> 
     </span>
     <span class='ocr_line' id='line_1_34' title="bbox 121 3763 1237 3861; baseline -0.006 -21"><span class='ocrx_word' id='word_1_253' title='bbox 121 3772 400 3859; x_wconf 77' lang='grc' dir='ltr'><strong><em>κοσμοσανδάλου</em></strong></span> <span class='ocrx_word' id='word_1_254' title='bbox 426 3777 484 3840; x_wconf 79' lang='grc' dir='ltr'><strong>καὶ</strong></span> <span class='ocrx_word' id='word_1_255' title='bbox 504 3773 615 3861; x_wconf 86' lang='grc' dir='ltr'><strong><em>μίλσυ.</em></strong></span> <span class='ocrx_word' id='word_1_256' title='bbox 666 3779 719 3843; x_wconf 87' lang='lat' dir='ltr'><strong>Vs.</strong></span> <span class='ocrx_word' id='word_1_257' title='bbox 741 3777 762 3839; x_wconf 90' lang='grc'>3</span> <span class='ocrx_word' id='word_1_258' title='bbox 784 3773 892 3855; x_wconf 90' lang='lat' dir='ltr'><strong>scripsi</strong></span> <span class='ocrx_word' id='word_1_259' title='bbox 914 3763 1101 3853; x_wconf 70' lang='grc' dir='ltr'><strong><em>ἀνεμωνῶν.</em></strong></span> <span class='ocrx_word' id='word_1_260' title='bbox 1144 3769 1237 3852; x_wconf 89' lang='lat' dir='ltr'><strong>Apud</strong></span> 
     </span>
     <span class='ocr_line' id='line_1_35' title="bbox 120 3873 523 3964; baseline 0 -18"><span class='ocrx_word' id='word_1_261' title='bbox 120 3879 312 3946; x_wconf 84' lang='lat' dir='ltr'><strong>Athenaeum</strong></span> <span class='ocrx_word' id='word_1_262' title='bbox 333 3873 523 3964; x_wconf 73' lang='lat' dir='ltr'><strong>draptiaco.</strong></span> 
     </span>
    </p>

    <p class='ocr_par' dir='ltr' id='par_1_17' title="bbox 206 3971 1238 4067">
     <span class='ocr_line' id='line_1_36' title="bbox 206 3971 1238 4067; baseline -0.014 -23"><span class='ocrx_word' id='word_1_263' title='bbox 206 3982 238 4044; x_wconf 94' lang='lat' dir='ltr'><strong>P.</strong></span> <span class='ocrx_word' id='word_1_264' title='bbox 263 3981 313 4046; x_wconf 88' lang='grc'><strong>74.</strong></span> <span class='ocrx_word' id='word_1_265' title='bbox 358 3983 390 4045; x_wconf 92' lang='lat' dir='ltr'><strong>ln</strong></span> <span class='ocrx_word' id='word_1_266' title='bbox 408 3984 529 4067; x_wconf 86' lang='lat' dir='ltr'><strong>Fragm.</strong></span> <span class='ocrx_word' id='word_1_267' title='bbox 553 3980 589 4044; x_wconf 86' lang='lat' dir='ltr'><strong>ll.</strong></span> <span class='ocrx_word' id='word_1_268' title='bbox 612 3978 665 4042; x_wconf 81' lang='lat' dir='ltr'><strong>Vs.</strong></span> <span class='ocrx_word' id='word_1_269' title='bbox 688 3980 709 4042; x_wconf 82' lang='lat'>2</span> <span class='ocrx_word' id='word_1_270' title='bbox 732 3976 926 4043; x_wconf 84' lang='lat' dir='ltr'><strong>scribendum</strong></span> <span class='ocrx_word' id='word_1_271' title='bbox 956 3971 1071 4057; x_wconf 76' lang='grc' dir='ltr'><strong><em>μυίρσν</em></strong></span> <span class='ocrx_word' id='word_1_272' title='bbox 1091 3989 1147 4054; x_wconf 93' lang='lat' dir='ltr'><strong>pro</strong></span> <span class='ocrx_word' id='word_1_273' title='bbox 1167 3988 1238 4051; x_wconf 86' lang='grc' dir='ltr'><strong>μυ·</strong></span> 
     </span>
    </p>
   </div>
   <div class='ocr_carea' id='block_1_5' title="bbox 118 4073 1235 4168">
    <p class='ocr_par' dir='ltr' id='par_1_18' title="bbox 118 4073 1235 4168">
     <span class='ocr_line' id='line_1_37' title="bbox 118 4073 1235 4168; baseline -0.012 -20"><span class='ocrx_word' id='word_1_274' title='bbox 118 4077 189 4168; x_wconf 85' lang='grc' dir='ltr'><strong><em>ρόν.</em></strong></span> <span class='ocrx_word' id='word_1_275' title='bbox 232 4085 309 4148; x_wconf 82' lang='grc' dir='ltr'><strong>Εοοι</strong></span> <span class='ocrx_word' id='word_1_276' title='bbox 331 4087 413 4149; x_wconf 87' lang='lat' dir='ltr'><strong>onim</strong></span> <span class='ocrx_word' id='word_1_277' title='bbox 435 4087 554 4150; x_wconf 84' lang='lat' dir='ltr'><strong>atticam</strong></span> <span class='ocrx_word' id='word_1_278' title='bbox 577 4101 650 4150; x_wconf 87' lang='lat' dir='ltr'><strong>csse</strong></span> <span class='ocrx_word' id='word_1_279' title='bbox 672 4073 815 4144; x_wconf 75' lang='grc' dir='ltr'><strong><em>πίνωσιν</em></strong></span> <span class='ocrx_word' id='word_1_280' title='bbox 836 4077 970 4142; x_wconf 82' lang='lat' dir='ltr'><strong>unaniud</strong></span> <span class='ocrx_word' id='word_1_281' title='bbox 991 4090 1148 4164; x_wconf 86' lang='lat' dir='ltr'><strong>consensu</strong></span> <span class='ocrx_word' id='word_1_282' title='bbox 1169 4078 1235 4136; x_wconf 82' lang='lat' dir='ltr'><strong>tra·</strong></span> 
     </span>
    </p>
   </div>
   <div class='ocr_carea' id='block_1_6' title="bbox 120 4186 990 4343">
    <p class='ocr_par' dir='ltr' id='par_1_19' title="bbox 120 4186 990 4343">
     <span class='ocr_line' id='line_1_38' title="bbox 120 4186 417 4271; baseline -0.013 -18"><span class='ocrx_word' id='word_1_283' title='bbox 120 4186 196 4253; x_wconf 88' lang='lat' dir='ltr'><strong>dunt</strong></span> <span class='ocrx_word' id='word_1_284' title='bbox 217 4186 417 4271; x_wconf 82' lang='lat' dir='ltr'><strong>grammatici.</strong></span> 
     </span>
     <span class='ocr_line' id='line_1_39' title="bbox 161 4274 990 4343; baseline -0.007 -1"><span class='ocrx_word' id='word_1_285' title='bbox 161 4287 240 4343; x_wconf 83' lang='lat' dir='ltr'><strong>Com.</strong></span> <span class='ocrx_word' id='word_1_286' title='bbox 259 4287 307 4341; x_wconf 86' lang='lat' dir='ltr'><strong>Gr.</strong></span> <span class='ocrx_word' id='word_1_287' title='bbox 326 4288 387 4343; x_wconf 79' lang='lat' dir='ltr'><strong>vol.</strong></span> <span class='ocrx_word' id='word_1_288' title='bbox 404 4286 437 4341; x_wconf 79' lang='grc' dir='ltr'><strong>Ρ.</strong></span> <span class='ocrx_word' id='word_1_289' title='bbox 968 4274 990 4336; x_wconf 80' lang='lat'>2</span> 
     </span>
    </p>
   </div>
   <div class='ocr_carea' id='block_1_7' title="bbox 0 0 1513 4634">
    <p class='ocr_par' dir='ltr' id='par_1_20' title="bbox 0 0 1513 4634">
     <span class='ocr_line' id='line_1_40' title="bbox 0 0 1513 4634; baseline 0 0"><span class='ocrx_word' id='word_1_290' title='bbox 0 0 1513 4634; x_wconf 95' lang='lat' dir='ltr'><strong> </strong></span> 
     </span>
    </p>
   </div>
  </div>
 </body>
</html>
