2874 4638
220 376 253 427 vl
652 373 774 424 lllllllllCl
793 376 894 427 licoat

217 525 309 592 Hunc
342 545 445 613 neque
479 523 579 619 fabrili
611 522 728 591 lassent
760 524 918 616 ergastula
952 551 1072 610 massa,
1109 526 1180 595 Nec
1213 530 1327 620 rigidas

216 640 332 698 vexent
354 631 437 694 lossa
461 628 587 696 metalla
611 652 739 712 rnanus3
773 630 890 699 Lexica
913 642 1073 699 contexat:
1109 657 1183 700 nam
1206 644 1329 702 caetera

218 737 290 827 quid
305 732 435 802 moror?
457 756 567 800 omnes
582 733 762 801 Poenarum
778 737 874 802 iacies
889 737 939 805 hic
954 737 1043 805 labor
1058 761 1140 805 unus
1156 736 1267 806 babet?

304 839 446 931 Ingratus
475 841 552 921 sim,
580 841 609 906 ni
639 840 786 930 quidquid
814 864 1001 931 poenarum,
1028 844 1236 934 undecunque
1253 847 1329 924 'erit

218 950 249 1013 in
272 945 334 1013 boc
355 954 452 1036 caput
473 945 644 1012 conflatum
671 946 777 1028 luerit,
805 945 896 1014 lacile
924 948 1085 1015 ferendum
1111 959 1234 1040 putem,
1262 973 1330 1016 me·

221 1075 290 1119 mor
311 1050 541 1131 beneficiorum,
574 1052 684 1140 quibus
707 1076 759 1118 me
780 1076 836 1142 per
857 1051 949 1139 huius
977 1052 1043 1120 libri
1066 1058 1330 1146 opportunitatem

218 1158 377 1247 insigniter
408 1155 604 1222 cumulatum
637 1180 708 1223 esse
737 1180 839 1247 usque
865 1159 1060 1248 praedicabo.
1110 1163 1219 1247 Quum
1246 1161 1329 1227 enim

220 1266 250 1329 in
273 1263 403 1329 caeteris
424 1261 540 1327 artibus
563 1270 594 1328 et
622 1260 786 1352 disciplinis
810 1264 988 1352 quicunque
1010 1266 1049 1330 ad
1070 1268 1171 1356 ipsam
1195 1264 1331 1354 aliquam

223 1370 393 1434 doctrinam
417 1364 584 1455 aliquando
606 1389 665 1432 suo
686 1366 786 1433 lllarte
807 1367 1012 1458 profitendam
1035 1371 1171 1461 aspirare
1193 1373 1332 1460 cupiunt,

223 1483 345 1564 praeter
377 1473 495 1561 primae
522 1474 718 1538 institutionis
749 1472 950 1541 fundamenta
980 1478 1065 1542 varia
1093 1475 1203 1541 deinde
1229 1497 1332 1563 neque

225 1578 395 1646 admodum
416 1577 534 1644 ludicra
556 1576 608 1643 illa
631 1578 851 1644 exercitatione
873 1580 1024 1646 formandi
1040 1580 1243 1669 firmandique
1257 1582 1332 1661 sint3

226 1708 324 1775 quum
346 1683 512 1773 insignium
535 1683 672 1748 maxime
693 1683 724 1748 in
747 1705 805 1749 suo
821 1685 974 1774 cuiusque
990 1709 1105 1775 genere
1119 1686 1256 1751 virorum
1269 1707 1331 1750 non

225 1790 335 1857 intueri
357 1786 460 1853 solum
483 1787 538 1854 sed
560 1789 670 1853 imitari
698 1810 809 1877 opera,
837 1790 932 1878 inque
959 1791 1170 1856 minutissimis
1199 1788 1332 1856 artificiis

225 1897 322 1986 ipsius
345 1894 418 1959 artis
441 1891 586 1983 exempla
608 1894 673 1958 suis
694 1893 810 1959 viribus
827 1897 999 1984 exprimere
1014 1896 1198 1961 doceantur:
1220 1897 1249 1961 in
1272 1897 1334 1960 lrac

227 1999 418 2090 amplissima
440 1998 574 2066 liberalis
595 2000 792 2065 institutionis
822 2002 950 2065 materia
979 2001 1068 2067 lacile
1094 2000 1141 2079 fit,
1178 2011 1213 2066 ut
1241 2000 1334 2066 levis·

228 2108 306 2173 sima
329 2127 423 2194 opera
445 2103 572 2193 defungi
594 2104 669 2169 satis
692 2102 808 2169 babere
830 2103 974 2170 malimus
991 2128 1086 2193 quam
1101 2106 1243 2172 diuturna
1260 2127 1335 2170 eura

227 2222 322 2301 atque
344 2207 446 2275 studio
469 2207 622 2275 audiendo
637 2209 848 2298 imitandoque
863 2229 901 2273 eo
916 2211 1090 2299 pervenire,
1113 2219 1148 2273 ut
1170 2208 1335 2298 aliquando

228 2317 341 2386 nostris
362 2311 498 2381 ‘viribus
520 2312 646 2392 conlisi,
673 2313 788 2401 quippe
809 2322 915 2379 nostro
936 2315 967 2379 in
989 2335 1101 2402 regno,
1129 2310 1206 2378 illud
1232 2315 1336 2404 ipsum

229 2426 401 2499 discamus,
429 2417 572 2483 laborare
599 2412 765 2481 uolitat*
813 2413 920 2505 ltaque
947 2418 1009 2484 hoc
1035 2419 1186 2507 optimum
1217 2427 1265 2484 est
1290 2418 1337 2483 sa·

230 2537 332 2606 ctum,
366 2531 401 2588 ut
431 2518 494 2586 Tui
520 2520 622 2609 operis
648 2523 746 2612 gratia
774 2521 909 2611 Tuoque
938 2522 1130 2589 humanitate
1156 2521 1237 2590 baec
1264 2521 1337 2588 mibi

231 2622 414 2720 copia'data
442 2627 494 2707 sit,
527 2625 619 2691 huius
647 2627 760 2718 ingenii
788 2629 970 2694 tenuitatem
1001 2626 1108 2694 labore
1135 2636 1166 2693 et
1189 2627 1336 2692 industria

231 2735 425 2825 aliquatenus
447 2732 678 2821 compensandi.

315 2837 436 2925 Quodsi
459 2838 543 2903 omni
565 2859 606 2902 ex
632 2846 721 2926 parte
750 2848 834 2904 recte
861 2847 893 2904 et
921 2840 964 2904 uti
992 2836 1066 2903 mibi
1093 2840 1150 2927 ipsi
1178 2836 1338 2902 satisface-

231 2969 298 3014 rem
320 2943 382 3011 hoc
404 2942 505 3010 ollicio
522 2944 647 3008 iunctus
661 2964 733 3009 esse
747 2942 877 3024 viderer,
899 2943 998 3010 multo
1014 2945 1076 3009 iam
1093 2942 1220 3008 laetiore
1235 2943 1337 3008 animo

232 3052 294 3118 hoc
317 3049 442 3117 tandem
466 3073 483 3114 a
507 3071 559 3114 me
581 3048 766 3113 dimitterem
789 3047 951 3115 volumen:
989 3048 1210 3114 satislccissem
1234 3056 1339 3113 autem

232 3155 335 3246 aliqua
358 3164 522 3244 exparte,
553 3154 579 3219 si
601 3153 778 3219 universam
805 3153 917 3220 harum
948 3153 1145 3243 reliquiarum
1175 3153 1340 3219 dictionem

232 3262 335 3353 plene,
350 3269 506 3339 accurate,
528 3256 697 3348 diligenter,
719 3257 943 3351 intellegenter,
961 3261 1087 3326 omnino
1103 3266 1209 3323 autem
1225 3279 1341 3346 aequa·

234 3367 286 3434 bili
312 3367 431 3433 ratione
463 3374 494 3431 et
526 3372 592 3428 arte
626 3371 791 3430 tractatam
817 3366 1075 3455 composuissem.
1120 3361 1213 3430 Nunc
1241 3362 1339 3429 multo

235 3472 323 3539 aliter
344 3472 465 3538 evenit:
501 3492 575 3535 nam
604 3478 635 3533 et
665 3467 760 3558 longo
792 3470 919 3535 demum
941 3493 1002 3535 usu
1025 3478 1057 3535 et
1078 3468 1208 3535 subinde
1230 3466 1340 3534 confir·

235 3580 326 3645 matis
347 3575 464 3643 viribus
490 3575 693 3664 interipsum
715 3574 825 3642 edendi
847 3573 913 3640 libri
934 3573 1072 3641 studium
1095 3597 1133 3641 eo
1155 3584 1341 3664 perventum

235 3694 294 3763 est,
315 3692 359 3764 ut,
380 3681 466 3771 quod
487 3680 526 3746 ab
548 3681 632 3747 initio
654 3680 772 3746 facturn
794 3682 940 3771 oportuit,
961 3682 991 3747 in
1005 3679 1102 3746 altera
1115 3681 1216 3770 magis
1226 3677 1341 3745 littera-

234 3812 305 3856 rum
331 3790 410 3855 serie
444 3787 484 3854 ad
518 3794 636 3853 certam
667 3784 799 3852 alicuius
828 3786 953 3851 rationis
982 3806 1125 3852 normam
1153 3786 1283 3874 dirigere
1311 3794 1342 3849 et

235 3894 467 3985 diligentissime
489 3889 712 3981 perpendendis
733 3889 906 3957 officiorum
929 3891 1069 3956 omnium
1091 3890 1256 3957 momentis
1278 3912 1343 3956 rem

109 3991 119 4009 ⁸
234 4002 395 4070 instituere
423 3996 565 4077 mallem,
588 4018 697 4085 quam,
727 4019 823 4085 quum
845 3997 931 4086 prius
958 4007 1095 4064 erratum
1118 4006 1216 4077 esset,
1243 3997 1273 4063 in
1296 4018 1344 4062 er·

271 4128 283 4152 ’
319 4127 353 4181 cl.
374 4126 409 4178 G.
424 4124 574 4178 Hermanoi
588 4126 724 4191 opurcula
737 4123 760 4173 V
780 4142 806 4191 p.
818 4122 879 4174 ato.
