2964 4634
252 343 292 405 14
491 335 644 405 addenda
666 345 697 402 et
719 333 909 421 Corrigenda
930 334 970 399 ad
991 332 1061 399 Vol.
1082 334 1119 399 ll.

336 510 369 573 P.
392 506 467 571 581.
490 507 588 581 'liele
606 501 624 524 ‘⁸
638 502 767 585 Θησεύς
788 504 938 570 Anaxilae
958 496 1057 567 407.”

335 612 369 673 P.
391 609 465 672 590.
500 611 573 674 Post
590 601 874 692 Ὀμολοχοὺμενοι
901 609 1004 670 insero
1024 599 1286 689 ’Ὃμολοχοῦοα
1311 613 1368 675 in-

253 715 328 778 eerti
350 716 471 794 poetae.
514 712 562 775 lll.
588 705 686 777 158.''

337 815 370 877 P.
393 812 467 876 594.
490 833 570 879 οοττ.
591 805 798 898 ’Ἤίραυνος
820 801 1069 893 Aristophonlis”
1095 828 1149 892 pro
1171 808 1336 878 Anaxilae.

336 916 371 977 P.
394 914 467 978 595.
488 910 722 978 ΣΤΡΑΤΩΝ
745 931 825 977 corr.
846 914 922 976 426.

339 1018 371 1081 P.
394 1016 468 1080 596.
515 1012 693 1095 Τιτακίόης
713 1017 863 1103 Magnetis
885 1014 938 1078 35.

703 1275 903 1302 ...ο-.-

254 1507 479 1597 Addenda
508 1511 555 1591 el
583 1503 875 1620 Corrigenda
901 1505 960 1591 ad
983 1505 1091 1591 Vol.
1127 1506 1189 1590 ll.
1229 1502 1282 1588 Ρ.
1309 1505 1354 1590 l.

251 1705 303 1795 P.
327 1732 358 1794 5.
404 1727 558 1793 Chionidis
586 1725 692 1809 lragm.
721 1727 912 1791 Hermannus
939 1727 980 1792 ita
1011 1728 1166 1812 redegere
1191 1728 1328 1791 tentavit:

378 1823 522 1902 πολλοὺς
542 1810 649 1915 lydda
670 1819 731 1890 κού
751 1825 837 1889 κατά
859 1830 896 1891 σε
916 1825 1049 1902 νεανίας

378 1928 583 2016 φρονοῦντας
604 1924 762 2012 ἀτέχνους
782 1922 846 1992 κιίν
867 1924 995 2014 οοίμακι
1021 1926 1254 2013 κοιμωμένους.

251 2035 283 2098 ln
306 2053 367 2115 qno
391 2027 546 2117 ἀτέχνους
568 2050 631 2096 non
652 2032 810 2115 intellego.

334 2137 367 2198 P.
389 2136 425 2214 6,
457 2135 506 2199 13.
557 2133 742 2197 Femininum
775 2126 796 2209 ἦ
823 2125 923 2215 ἄχνας
950 2132 1061 2216 legitur
1087 2132 1176 2195 etiam
1202 2132 1235 2194 in
1261 2148 1356 2196 verso

249 2238 433 2318 proverbiali
455 2237 533 2318 apud
549 2235 697 2298 Plutarch.
743 2235 868 2308 (tuaest.
887 2236 983 2298 Conv.
1027 2233 1093 2297 117
1120 2234 1151 2297 2.
1174 2221 1229 2310 ἥτ’
1252 2226 1356 2317 ἄχνας

247 2330 356 2400 ἀνθεῖ
376 2330 425 2420 χοί
454 2333 574 2421 βότρυς
602 2330 809 2399 πεπαίνεται.
858 2335 901 2397 lla
939 2336 1020 2398 enirn
1049 2336 1214 2420 legendum
1245 2355 1302 2418 pro
1330 2329 1354 2414 ἡ

247 2433 358 2521 ἄγνος,
379 2439 438 2502 nisi
459 2445 593 2520 praestat
614 2429 656 2513 ἣν
677 2431 778 2518 οίχνος
799 2433 905 2524 ἀνθῇ.

332 2541 364 2603 P.
387 2538 417 2619 7,
440 2540 478 2603 21
504 2559 584 2604 corr.
614 2545 876 2603 commemoratur.
920 2537 1075 2601 Chionidis
1102 2537 1140 2601 ir.
1161 2537 1196 2602 ll.
1219 2541 1356 2602 servavit

245 2643 317 2704 item
347 2641 564 2706 Grammaticus
596 2642 729 2704 Crameri
750 2640 871 2703 Aneed.
894 2638 962 2703 Par.
984 2638 1034 2703 lV.
1062 2659 1092 2720 p.
1121 2640 1202 2718 250,
1232 2640 1264 2704 6.
1318 2639 1355 2704 οἱ

241 2736 395 2807 Ἀττικοὶ
426 2739 464 2806 τὸ
491 2737 623 2827 τάριχος
644 2742 884 2826 προφέρουσιν,
911 2734 956 2814 τίς
982 2740 1039 2802 καί
1063 2738 1225 2819 Χιονίδης
1244 2736 1355 2825 φησίν

238 2826 323 2928 'Ap'
344 2838 389 2907 τίν
414 2838 554 2927 φάγοιτε
582 2836 714 2926 τάριχος
739 2827 765 2904 τί
794 2837 884 2907 θεοί.
934 2843 1147 2927 Fragmentum
1174 2847 1292 2908 tertium
1320 2848 1355 2910 in

245 2966 306 3028 quo
328 2946 519 3011 dermannus
540 2938 699 3007 κόπτετον
727 2945 767 3009 de
796 2945 951 3026 pulsandis
979 2945 1096 3009 iambus
1126 2948 1352 3028 interpretatur,

245 3048 373 3112 dubitari
403 3054 505 3128 potest
537 3065 574 3110 an
606 3066 668 3113 non
699 3049 799 3129 potius
832 3047 1002 3110 Menandro
1044 3049 1260 3131 assignandum
1298 3051 1351 3114 ait.

243 3151 340 3225 Ouum
362 3150 441 3212 enim
463 3150 614 3213 Athenaei
636 3150 722 3214 locus
752 3153 781 3213 in
810 3150 893 3213 libris
922 3151 962 3211 ita
984 3151 1113 3230 scriptus
1135 3152 1188 3213 ait:
1216 3149 1274 3211 καί
1294 3147 1355 3213 ἐπὶ

244 3246 393 3327 δοτικῆς,
422 3247 476 3312 lai
499 3245 545 3335 τῷ
572 3246 698 3334 ταρίχει
724 3248 806 3337 τῷδε
827 3244 941 3312 τοίνυν
962 3244 1131 3316 κόπτετον.
1181 3245 1262 3327 ἡδὲ
1289 3249 1354 3314 do-

242 3348 315 3430 τικὴ
343 3348 483 3435 ταρίχει,
514 3345 560 3425 οίς
581 3347 681 3437 ξίφει.
738 3348 936 3435 Μένανδρος
964 3346 1224 3434 Ἐπιτρέπουσιν
1250 3346 1353 3416 Ἐπί·

244 3474 339 3518 πααα
366 3463 426 3519 ete.
453 3473 516 3517 non
545 3452 722 3517 incredibile
751 3462 798 3517 est
819 3455 896 3519 haee
926 3457 966 3517 ita
994 3457 1094 3535 potios
1122 3475 1189 3519 eum
1216 3455 1349 3540 Bergldo

241 3557 279 3620 ad
302 3558 457 3639 Aristoph.
481 3557 590 3642 fragm.
618 3575 648 3637 p.
671 3555 752 3619 1193
783 3556 995 3620 constituenda
1019 3576 1104 3621 esso:
1130 3549 1350 3635 uiolatorum}

242 3652 377 3738 ταρίχει,
397 3652 441 3733 νίς
456 3650 555 3741 ξίφει.
591 3654 789 3740 Μένανδρος
798 3650 1056 3742 Ἐπιτρέπουσιν
1064 3651 1145 3721 Ἐπί
1168 3656 1213 3745 τῷ
1233 3678 1296 3724 τ.τ
1317 3679 1348 3723 τ.

241 3748 419 3817 κόπτετον·
463 3759 521 3820 καὶ
541 3757 597 3821 ἐπὶ
619 3749 805 3836 αἰτιατικῆς
823 3753 1002 3823 ’enema
1025 3770 1085 3825 ete.

325 3857 358 3920 P.
380 3857 412 3919 8.
458 3859 623 3924 Chionidae
645 3860 823 3942 fragmentis
845 3863 926 3926 adde
947 3862 1023 3928 hoe:

393 3956 524 4020 Πυθοῦ
542 3956 681 4041 χελιδών
702 3955 815 4036 πηνίκ’
839 3955 925 4027 ἅττα
948 3959 1121 4047 paleam:

242 4059 390 4140 Harpocr.
413 4077 443 4141 p.
465 4058 518 4140 39,
543 4059 593 4124 1⁷.
637 4058 770 4143 ἐνιαχοῦ
798 4059 836 4126 δὲ
865 4064 1018 4147 παρέλκει
1048 4060 1089 4128 τὸ
1116 4056 1218 4126 ι’ίττα·
1265 4061 1349 4127 Χιο.

242 4154 367 4224 νίππου
388 4159 518 4225 Hodoi
539 4199 580 4211 -
603 4157 771 4247 φαίνεται.
815 4165 858 4230 lta
879 4166 957 4231 llaec
979 4166 1075 4230 edidit
1096 4184 1137 4231 ex
1157 4165 1243 4231 libris
1263 4163 1349 4229 Bek-
