2964 4634
293 351 446 417 Addentla
471 360 501 415 et
525 354 713 436 Corrigenda
734 356 773 419 ad
798 355 862 421 Vol
887 355 920 421 11.
945 358 975 422 Ρ.
1000 358 1029 423 1.
1190 362 1231 425 lb

114 536 179 588 non
204 531 380 608 repugnant
400 525 503 606 scripti
525 523 602 586 libri.
663 522 751 598 Orrcd
781 530 861 590 enirn
884 528 923 590 ab
946 530 1131 593 comicorum
1163 528 1230 594 ira-

113 632 245 710 gmenu
273 628 388 705 attinet,
411 629 440 690 in
470 626 530 691 hoc
557 626 667 689 Cratini
695 627 764 693 loeo
788 626 873 692 πῦον
900 632 1052 694 scribatur
1084 649 1122 695 an
1145 628 1231 696 πνὸν

111 729 249 810 perinde
272 736 331 809 est,
353 746 411 792 nec
434 728 474 793 da
489 729 671 792 Pherecrate
693 750 723 812 p.
735 731 801 794 300
823 731 949 811 (¹›¹9)·
972 734 1178 816 Aristophane
1198 754 1230 816 p.

111 830 191 893 1171
220 830 267 908 (l,
290 831 340 905 4).
383 831 500 894 Eubulo
523 829 560 910 3,
584 830 725 907 258,(1)
750 832 906 897 diiudicari
927 854 978 900 res
1000 838 1121 918 poterit.
1167 838 1230 903 Sari

112 932 202 1015 quod
215 933 335 996 Alexini
359 931 430 996 dant
452 933 519 996 libri
540 924 625 995 nobo
647 936 750 1014 quidni
772 938 938 1000 retineatur
959 934 1063 1017 3,463
1087 939 1133 1018 (1,
1148 938 1228 1015 11)’1

111 1035 227 1099 Eubul.
254 1034 292 1113 3,
321 1034 378 1096 241
408 1034 476 1097 libri
506 1034 618 1098 habent
640 1029 737 1112 πυός,
761 1054 820 1100 nec
842 1047 1012 1123 repugnant
1033 1043 1104 1121 quin
1127 1042 1230 1106 Phes-

110 1136 220 1218 moph.
244 1154 309 1201 sec.
335 1155 366 1217 p.
387 1135 469 1198 1077
491 1137 543 1201 Vs.
567 1139 586 1199 5
610 1156 676 1203 curo
698 1139 855 1205 Dindorho
878 1142 1011 1227 (fragrn.
1033 1143 1088 1207 Ar.
1112 1161 1142 1224 p.
1160 1143 1229 1218 Vl)

111 1238 285 1304 scribamus
308 1229 416 1311 nube?
437 1238 495 1302 ,11.
519 1240 541 1304 Ι.

200 1342 232 1403 Ρ.
256 1339 308 1400 ab.
331 1340 381 1402 Fr.
404 1336 440 1404 V.
463 1360 555 1405 versu
576 1343 596 1403 2
622 1362 702 1407 corr.
726 1337 864 1426 φρύξας,
888 1336 1019 1423 ἑψήσας

201 1444 235 1505 Ρ.
257 1443 309 1520 06,
333 1442 373 1503 16
395 1460 441 1523 sq.
465 1463 545 1508 corr.
570 1446 689 1527 Frngan.
714 1445 763 1508 Xl.

196 1545 230 1609 P.
254 1544 306 1608 97.
349 1545 382 1607 ln
406 1546 519 1610 Cratini
545 1544 653 1630 fragm.
676 1547 751 1610 Vnt.
776 1564 831 1627 pro
859 1540 961 1631 φίλον
1004 1547 1141 1611 Cobetus
1163 1547 1184 1611 1.
1206 1548 1227 1612 1.

111 1666 142 1730 p.
166 1646 218 1711 10.
251 1647 372 1728 scripsit
399 1643 513 1733 φίλος,
552 1668 610 1730 qua
638 1651 769 1712 vocativi
791 1649 887 1714 iorrna
910 1646 1014 1712 dubito
1044 1667 1114 1712 num
1137 1650 1229 1714 Attici

112 1753 160 1815 noi
181 1751 258 1814 sint.
303 1748 365 1813 Cir.
388 1769 467 1831 qnae
490 1751 550 1815 dini
574 1751 640 1817 Vol.
665 1750 714 1814 tv.
737 1751 848 1832 pter.
892 1751 939 1815 De
960 1759 1057 1814 metro
1080 1769 1142 1817 non
1166 1751 1228 1816 du-

113 1853 231 1917 bitasse
255 1849 374 1915 videtur
388 1853 521 1916 Gabalos
544 1857 614 1934 quin
637 1857 697 1917 sint
718 1872 827 1916 versus
850 1852 1006 1933 trochaici,
1028 1857 1058 1918 in
1083 1872 1143 1936 quo
1165 1854 1228 1918 iol-

112 1955 192 2019 litor.
262 1953 303 2016 m
324 1962 410 2018 recte
438 1954 518 2016 idem
542 1955 705 2036 Cyclopem
734 1964 765 2018 ct
787 1954 893 2019 Ulixen
918 1952 957 2018 de
980 1956 1121 2038 oraculo,
1144 1958 1226 2037 qood

110 2057 161 2121 illa
184 2055 317 2119 maxime
339 2054 567 2133 reformidabat,
591 2055 721 2135 colloqui
745 2058 876 2119 coniicit.

196 2159 244 2221 lb.
269 2156 289 2219 1.
313 2156 354 2218 25
378 2175 459 2222 corr.
482 2150 692 2242 σπερματίαν
713 2174 768 2236 pro
792 2176 904 2239 crrpp.
978 2156 980 2159 ’

194 2248 230 2325 Ρ.
253 2257 307 2321 98.
352 2260 528 2344 Fragment.
554 2259 605 2322 ΙΧ.
629 2259 975 2323 Probaritllermannus
998 2275 1083 2320 meas
1105 2256 1145 2320 da
1167 2256 1228 2320 hoc

114 2361 224 2447 fragm.
250 2363 461 2440 coniecturas,
485 2360 543 2425 nisi
566 2362 648 2443 quod
670 2352 730 2423 οὐκ
753 2370 823 2425 ante
846 2356 918 2424 stra
941 2359 1036 2424 delet:

388 2504 391 2515 ·
457 2458 519 2526 l'rir'
541 2456 627 2525 ἅττα
649 2455 737 2539 τάδ’,
757 2456 867 2526 οὐκέτ’
893 2455 977 2525 ὄνθ’

358 2553 415 2628 οἷα
438 2558 520 2627 τάπὶ
544 2562 738 2649 Χαριξένης.

195 2670 228 2733 P.
254 2667 307 2747 09,
330 2665 369 2729 17
392 2686 473 2731 corr.
496 2669 647 2747 perterriti

196 2773 230 2835 P.
254 2770 324 2849 101,
348 2770 387 2833 12
410 2770 480 2834 dole
503 2770 597 2831 verba
620 2769 703 2848 „Pro
725 2765 812 2856 θείῳ
834 2803 876 2815 -
898 2765 1047 2831 ridetur.”

196 2872 229 2937 P.
253 2872 326 2939 102.
373 2872 423 2937 Ρτ.
446 2871 482 2936 ll.
507 2889 586 2937 corr.
615 2865 747 2955 Kpauia
770 2873 842 2934 item
863 2889 895 2953 p.
918 2866 978 2933 103
1001 2868 1032 2933 2.

195 2976 229 3040 P.
254 2975 325 3038 103.
369 2976 491 3058 Pragm.
514 2975 549 3038 11.
595 2975 684 3049 Quod
707 2975 844 3055 bicipites
873 2970 941 3036 illos
970 2971 1120 3051 Panoptas
1141 2964 1227 3033 bnril

116 3073 272 3157 Cratinus,
303 3080 430 3161 egregie
452 3077 616 3141 illustratur
636 3079 751 3158 pictura
773 3074 888 3139 vasculi
909 3073 946 3138 ab
972 3073 1010 3136 0.
1031 3072 1142 3136 lahnio
1165 3073 1226 3136 de·

116 3179 215 3258 scripti
242 3184 274 3244 in
303 3180 452 3242 Bullatino
481 3178 551 3245 dell’
578 3178 652 3243 lnst.
682 3180 713 3241 dl
742 3180 829 3243 Corr.
857 3175 1003 3242 Archcol.
1031 3174 1089 3241 Νο.
1119 3175 1167 3237 111.
1196 3173 1228 3238 di

115 3274 217 3345 blarzo
245 3281 328 3345 1830
355 3300 385 3361 p.
415 3281 465 3345 21.
508 3279 609 3344 lahnii
636 3282 731 3345 verba
757 3282 835 3345 haec
857 3287 941 3344 sont:
973 3278 1165 3342 blercurio
1195 3276 1227 3338 si

115 3385 308 3466 precipita
338 3402 410 3447 con
440 3382 538 3447 nudo
561 3381 695 3466 gladio
724 3400 843 3465 sopra
866 3383 900 3445 d’
923 3383 1046 3463 Argo,
1069 3377 1094 3440 il
1119 3374 1227 3457 quale

117 3481 293 3552 beaduto
308 3506 373 3567 per
394 3493 498 3549 terra
521 3504 539 3548 e
560 3487 593 3548 si
616 3487 816 3568 distingue
835 3482 993 3565 perduc
1013 3486 1118 3543 testa
1138 3477 1227 3541 bat·

116 3581 212 3651 bate.
253 3589 360 3671 Neque
382 3586 567 3652 omittendus
596 3586 633 3650 ad
662 3587 781 3651 fabulae
803 3586 1030 3666 inscriptionem
1057 3574 1227 3643 Heraclitus

118 3681 361 3755 belunenen
389 3709 417 3770 p.
448 3688 500 3750 05.
533 3683 653 3749 τοῦτον
683 3681 853 3771 (Appon)
881 3677 993 3748 πάντα
1022 3674 1229 3766 βουλόμενον

120 3773 249 3847 ἀκούειν
272 3793 328 3855 καὶ
356 3784 440 3876 ὀροῖν
471 3788 507 3852 ἐν
536 3787 639 3851 παντὶ
669 3786 716 3876 τῷ
750 3781 881 3870 σώματι
907 3779 1115 3870 &pricipale
1141 3779 1228 3867 ἔχειν

117 3878 311 3957 tatiacum.
344 3882 432 3957 ὅθεν
453 3886 502 3955 ίτι
519 3890 577 3953 καὶ
599 3888 659 3954 νῦν
679 3886 757 3966 τοὺς
771 3883 941 3963 τοιούτους
961 3880 1147 3961 Habentur
1168 3906 1228 3950 κα·

116 3981 247 4071 Mum·
288 3999 391 4080 Atque
412 3996 484 4059 hinc
506 3993 717 4076 explicandum
741 4002 806 4073 est,
834 3993 915 4074 quod
941 3991 1130 4074 Antiphanes
1158 4005 1227 4050 me-

118 4087 200 4159 dicus
221 4097 326 4164 librum
349 4100 380 4163 iu
403 4116 463 4180 qno
488 4098 609 4161 curiose
632 4096 671 4161 de
694 4097 828 4178 partibus
848 4092 1137 4253 humanizporporis
1159 4088 1227 4152 ru·
