2936 4636
238 388 398 448 CCCLXIV
548 396 757 451 stotaaaaaaa
777 400 982 456 aooaoooavtt
1000 407 1109 460 vom.

238 543 377 615 όίόοικα
402 549 464 631 μίν
493 547 558 637 ίγιὺ
584 549 630 637 μὴ
660 553 716 619 καὶ
741 560 834 636 ταῖς
859 557 1029 647 γραυσὶν
1054 554 1143 651 ἡμᾶς
1170 565 1346 664 ἐξούλης

238 644 400 738 ’ὀφλεῖν
428 660 521 729 (anta
543 656 635 720 Diod.
664 649 806 745 ύφλειν)
841 655 1067 730 ἐπισκώπτων
1095 673 1144 759 φῇ
1175 696 1228 753 τις
1259 672 1345 769 ἀνὴρ

236 748 389 838 κωμικός.
414 756 557 822 indicavit
578 758 693 827 Nauck.
718 763 756 826 cf.
780 783 869 847 supra
893 786 921 848 p.
932 767 1021 831 XCV.

236 873 276 915 κιο
732 867 850 931 CDXXI

235 965 325 1048 Βίας.
349 962 401 1027 La.
425 963 465 1026 17
488 967 544 1029 20:
581 957 622 1052 ἦν
649 964 687 1033 ὑί
709 967 765 1035 καί
787 968 1042 1060 φιλοσοφοκλῆς
1069 980 1260 1068 (Polemo),
1286 989 1346 1058 καί

235 1060 382 1149 μάλιστα
405 1064 440 1133 ἐν
462 1064 601 1146 ἐκείνοις
624 1065 712 1138 ὅπου
734 1071 818 1138 κατὰ
840 1071 899 1141 τόν
925 1076 1073 1158 κωμικόν
1097 1080 1139 1149 τό
1166 1083 1343 1176 ποιήματα

236 1162 325 1258 αύτῷ
345 1163 447 1235 κύων
468 1195 532 1249 τις
554 1166 692 1239 ἐδόκει
714 1181 936 1259 συμποιεῖν
957 1182 1236 1269 Μολοττικός.
1261 1196 1343 1263 adda

237 1273 357 1338 Suidam
376 1292 404 1336 v.
417 1267 504 1339 κύων
514 1272 738 1356 Μολοττικός.
762 1281 800 1344 ad
814 1281 1049 1363 Aristophanem
1062 1289 1216 1357 referebat
1228 1297 1342 1385 Bergk.

236 1394 343 1440 comm.
366 1395 394 1458 p.
405 1376 477 1442 377.
502 1381 646 1444 indicavit
668 1381 780 1446 Nauck.
805 1384 875 1464 phil.
899 1385 1032 1451 71425.

234 1496 273 1536 σιτ
725 1485 856 1549 coxxss

232 1583 329 1667 Etym.
354 1584 485 1650 Sorbon.
514 1606 541 1668 p.
562 1586 625 1650 774
647 1587 689 1651 36
711 1588 829 1665 (οο1ε1.
854 1590 980 1669 2168)ε
1017 1588 1126 1663 ῖστόον
1153 1599 1191 1669 δὲ
1218 1599 1272 1671 ότι
1300 1607 1341 1677 τό

231 1682 328 1775 ὑγεία
350 1682 497 1775 (ὑγίεια)
517 1687 791 1776 τετρασυλλόβως
814 1684 861 1769 ιὺς
881 1694 939 1760 καί
952 1689 987 1761 ἓν
1007 1699 1050 1787 τῇ
1063 1701 1224 1796 κωμῳδίᾳ
1239 1700 1340 1778 “05-

231 1814 300 1857 ται
321 1788 392 1877 γὰρ
415 1789 698 1874 ἐπιθυμοῦσιν
718 1790 886 1881 ὑγιείας
910 1798 1084 1885 poyeio?
1108 1808 1146 1871 σῖ.
1170 1809 1337 1882 Herodian.

231 1894 332 1956 Herm.
356 1912 383 1975 p.
397 1893 471 1973 307,
494 1895 543 1960 ubi
562 1884 688 1971 ααὑται
703 1895 764 1986 γὰρ
780 1891 1010 1983 ἐπιθυμοῦσιν
1025 1900 1154 1995 ὑγιείας
1167 1913 1335 1997 τυχεῖν.”

232 2005 384 2062 caetorum
409 2019 436 2059 v.
460 1998 551 2063 Mein.
574 2001 612 2062 ad
635 2000 757 2065 Philam.
783 2004 832 2072 ed.
857 2027 900 2090 pr.
923 2009 994 2073 370.

230 2115 268 2157 ωε
712 2107 857 2173 cnxxllt

230 2186 365 2272 Euatath.
391 2224 418 2287 p.
433 2206 517 2270 1689
538 2206 595 2271 41:
618 2202 728 2275 ἱστίον
750 2208 789 2278 δὲ
811 2208 865 2278 ὅτι
880 2211 915 2281 ἐκ
929 2217 990 2283 τοῦ
1004 2217 1114 2304 κηλεῖν
1128 2220 1186 2289 καί
1205 2224 1336 2307 γλωσ-

230 2303 495 2397 σοκηλόμπης
517 2310 648 2386 (Nauck.
665 2313 734 2394 phil.
750 2314 869 2381 71425
892 2319 1334 2415 γλωσσσκυλοκόμττυς)

228 2405 460 2501 κωμικαίτερον
497 2412 591 2500 παρὰ
626 2419 697 2494 τοῖς
729 2417 893 2500 παλαιοῖς
925 2416 943 2489 ὑ
977 2417 1110 2515 γλώσσῃ
1141 2429 1252 2516 κηλῶν.
1280 2433 1338 2502 καὶ

227 2509 384 2597 κόμποις.
1231 2558 1242 2565 ·

226 2634 267 2676 ωε
711 2624 856 2687 coxxlv

228 2723 265 2787 ad
288 2723 472 2807 Diogeniant
495 2721 533 2784 71
556 2723 608 2803 92,
632 2718 730 2803 ξύλον
753 2720 896 2812 ἀγκύλον
918 2722 1077 2797 οὐδέποτ’
1103 2724 1227 2823 ὀρθόν,
1259 2740 1336 2809 haec

227 2827 381 2891 annotavit
403 2825 597 2891 Lautsohius:
616 2820 755 2911 ‘usurpat
778 2832 913 2896 Galenus
936 2834 976 2898 da
998 2836 1076 2916 puta.
1100 2838 1162 2903 diff.
1185 2859 1214 2922 p.
1224 2843 1288 2907 656
1300 2847 1334 2914 Τ.

227 2930 291 2992 7111
314 2929 409 2992 1151111.
434 2923 574 3006 ἐκείναις
593 2928 655 3014 μὲν
677 2925 775 2999 οὐδὲν
798 2928 1071 3024 ἀποκρινόμενοι,
1094 2941 1182 3029 πρὸς
1196 2941 1335 3031 δὲὺμεῖς

227 3026 348 3108 αὑτούς
371 3027 521 3117 λέγοντες
542 3028 582 3097 τό
603 3035 665 3099 τοῦ
685 3039 834 3120 κωμικοῦ
856 3032 903 3117 ιὺς
930 3031 1023 3107 σύτο
1045 3044 1243 3130 στρεβλόν
1266 3046 1335 3141 όρ-

227 3136 381 3201 θούται
404 3128 529 3212 ξύλον
552 3126 1335 3235 ούτεγεράνδρυονμετατεθίνμοσχεύε,

224 3232 316 3305 ται.’
352 3242 491 3321 apposuit
517 3240 596 3302 idam
627 3262 708 3307 mon.
727 3245 800 3311 531.
834 3247 915 3311 addo
942 3267 1078 3330 paruam.
1102 3251 1128 3314 11
1150 3271 1178 3335 p.
1199 3255 1269 3322 108.
1294 3260 1333 3324 ot.

224 3361 314 3427 supra
347 3362 374 3424 p.
394 3342 599 3407 ccaxxvm.
632 3364 740 3411 versus
774 3348 831 3413 hos
867 3353 1069 3434 componebat
1098 3356 1170 3439 phil.
1202 3358 1242 3423 17
1268 3361 1334 3427 360

215 3447 392 3512 ,Nauokiuaz
420 3438 466 3524 ιὺς
493 3436 614 3513 οῦσοτ’
644 3439 731 3515 ούτε
748 3450 909 3541 στρεβλόν
938 3448 1105 3543 ὀρθοῦται
1133 3454 1234 3539 ξύλον
1251 3462 1258 3551 Ι
1275 3489 1330 3552 γε·

223 3543 386 3638 ρόνόρυον
408 3540 485 3615 ούτε
505 3550 692 3633 μετατεθὲν
712 3549 922 3636 μοσχεύεται.

222 3667 262 3707 ωυ
349 3690 350 3693 ¹
567 3667 573 3673 '
710 3658 842 3721 CDXXV

352 3753 487 3844 αἰσχρόν
509 3756 547 3825 δὲ
569 3754 691 3847 κρίνειν
711 3759 754 3826 τὰ
776 3759 863 3828 καλοῖ
884 3765 930 3852 τῷ
951 3762 1068 3852 πολλῷ
1088 3759 1208 3857 ψόφῳ.

223 3857 364 3923 Clemens
386 3860 474 3924 Alex.
499 3862 608 3926 Stroto.
633 3864 658 3926 V
679 3883 707 3947 p.
720 3865 783 3929 655
796 3867 827 3931 P.
850 3860 1100 3954 γνωμικιύτερσν
1122 3867 1160 3937 δὲ
1183 3864 1202 3938 ὃ
1224 3896 1328 3958 κωμι,

222 3957 281 4039 κός
303 3959 338 4027 ἐν
358 3964 487 4050 βραχεῖ·
512 3958 647 4054 αἰσχρὸν
669 3966 707 4034 δὲ
728 3965 797 4032 κτλ.
821 3969 867 4033 αλ·
883 3970 963 4033 Mea.
986 3972 1019 4052 4,
1042 3972 1107 4037 277
1129 3974 1238 4054 (195).

221 4081 259 4122 ττι
559 4135 564 4139 ,
703 4070 848 4135 coxxvt

224 4168 380 4234 chorintus
402 4166 544 4233 Boisson.
568 4188 596 4250 p.
611 4169 688 4235 121:
724 4172 835 4267 πολλνξ
856 4173 918 4259 μίν
945 4167 1004 4243 οὑν
1029 4176 1064 4246 ἐν
1090 4173 1244 4260 ὑαλίναις
1269 4175 1329 4268 ἆγ-

169 4306 172 4313 ·
222 4268 327 4358 γυίοις
348 4266 368 4361 ἡ
392 4266 482 4362 φλόξ
501 4275 674 4356 πανταχοῦ
702 4272 965 4363 περιλύμπουσύ
990 4304 1027 4347 τε
1059 4278 1120 4371 τὴν
1145 4276 1245 4352 νύκτα
1272 4284 1329 4353 καί
