2964 4634
277 325 431 395 Addenda
454 332 486 397 ot
508 325 699 413 componun
721 325 760 393 ad
784 327 852 394 Vol.
875 326 911 392 ll.
937 330 969 393 P.
992 330 1023 394 2.
1207 331 1249 397 57

226 497 258 563 Ρ.
280 497 353 563 857.
396 498 512 565 Vereor
540 499 830 583 exsuperemur
860 499 1056 581 comparendi
1082 508 1153 565 sunt
1182 518 1250 566 cum

141 601 276 666 Plutonis
304 600 375 666 loco
397 621 416 665 c
437 600 551 665 Lacon.
580 618 609 681 p.
632 598 703 664 637.
748 603 888 666 Ceterum
919 602 958 667 ud
986 599 1112 683 Philyllii
1137 603 1251 689 Augen

142 702 259 769 drusae
286 711 396 785 poetae
423 704 530 768 comici
557 703 607 783 qui
636 702 716 766 idem
750 711 959 787 argumentum
987 708 1169 771 tractaverat
1195 723 1251 770 re-

140 807 242 887 spexit
277 805 380 870 forsan
413 806 518 873 lloses
553 804 749 869 Cdosroenus
784 807 925 891 Progym.
958 806 1020 873 tls.
1054 806 1133 888 apud
1168 807 1250 894 Anp.

141 906 253 971 ltaiurn
275 907 313 971 ad
334 907 448 973 Euseb.
471 906 519 970 ed.
541 906 665 971 Medici.
689 924 716 989 p.
734 908 806 972 264.
830 927 871 974 ex
891 909 1013 993 graecis
1033 910 1252 997 poetisAupae
1318 950 1322 958 -

142 1007 275 1075 fabulam
302 1009 350 1074 his
376 1010 481 1074 verbis
508 1026 684 1090 exponens:
707 1012 795 1074 Dum
817 1012 853 1074 in
875 1009 1073 1075 Arcadiae
1094 1011 1252 1095 quadarn

143 1111 236 1175 urlre
265 1110 404 1176 festum
430 1112 627 1176 Minervae
656 1113 945 1191 celebraretur,
973 1131 1053 1177 cum
1080 1114 1253 1195 eiusdem

144 1213 355 1279 secerdote
377 1214 507 1299 Auges
531 1212 706 1289 (sic)Alei
728 1211 829 1294 lilia,
852 1212 1011 1278 choreus
1033 1216 1070 1278 in
1092 1223 1254 1282 noctur-

145 1316 205 1383 nis
237 1316 363 1381 sacris
398 1318 571 1401 agitante
603 1333 681 1379 rom
715 1313 906 1380 Hercules
937 1314 1088 1395 habuit,
1121 1320 1183 1399 qui
1216 1327 1256 1385 et

145 1416 256 1482 huius
279 1418 370 1485 furti
390 1425 527 1483 testem
548 1416 706 1498 reliquit
721 1417 755 1479 ei
771 1416 929 1480 anulum.
951 1416 1018 1481 illu
1035 1436 1080 1482 ex
1101 1438 1145 1485 eo
1162 1440 1254 1506 gru-

146 1518 234 1587 vida
256 1519 463 1600 Telephum
485 1521 654 1602 peperit,
678 1517 775 1600 quod
798 1535 933 1582 nomen
956 1536 1001 1581 ex
1022 1526 1163 1585 eventu
1184 1523 1254 1586 ad-

146 1619 286 1688 haesit.
329 1620 403 1687 laur
430 1623 588 1706 Augeae
617 1628 730 1703 putor
759 1626 891 1701 stupro
920 1621 1079 1706 cognito
1110 1642 1255 1688 excan-

148 1725 316 1791 descens
338 1724 545 1807 Telephum
569 1725 723 1806 quidem
746 1722 904 1791 deserto
925 1723 1012 1789 loco
1035 1724 1172 1806 obiici,
1194 1728 1256 1792 ubi

147 1827 179 1892 is
202 1846 219 1891 a
242 1845 357 1893 cerva
385 1827 551 1891 nutritus
574 1833 647 1906 est,
672 1825 839 1909 Augeam
863 1833 984 1891 autem
1004 1826 1143 1910 abysso
1160 1831 1255 1895 sub-

149 1912 272 2014 mergi
299 1928 505 1992 mundavit.
550 1927 706 1995 lnrerim
729 1927 917 1995 Hercules
944 1928 990 1993 ed
1014 1948 1095 1994 eam
1116 1934 1256 2017 regio-

7 2054 8 2127 ]
149 2050 232 2095 nern
256 2029 424 2108 deletus,
448 2027 571 2107 deque
593 2043 633 2088 re
655 2033 764 2108 geste
786 2046 853 2093 sua
875 2048 921 2091 cx
942 2030 1057 2095 anulo
1080 2031 1257 2099 admoni-

148 2140 227 2213 tus,
255 2137 291 2196 et
312 2149 468 2213 puerum
490 2148 536 2191 ex
558 2146 600 2192 se
621 2128 794 2211 genitum
817 2126 974 2210 eripuit,
1002 2136 1039 2195 et
1059 2141 1257 2211 parentem

7 2268 8 2295 1
149 2236 269 2318 ipsam
310 2233 353 2297 alr
398 2233 569 2295 instante
609 2230 738 2293 mortis
783 2229 1006 2296 discrimine
1048 2234 1257 2313 expedivit

149 2339 358 2403 Praeterea
381 2334 519 2398 dicitur
541 2330 727 2396 Teuthras
750 2350 794 2394 ex
816 2332 974 2399 oraculo
996 2334 1164 2418 Aegeum
1188 2337 1258 2403 dc-

149 2438 242 2505 inde
263 2456 418 2503 uxorem
441 2436 602 2499 duxisse
625 2433 906 2515 Telcphumque
928 2435 963 2505 in
986 2434 1060 2503 lilii
1079 2436 1166 2504 loco
1188 2438 1259 2505 ha.

150 2542 303 2610 troisse.
345 2539 441 2604 Vides
462 2539 552 2602 totius
582 2533 703 2598 [abulae
731 2543 940 2620 argumentum
966 2537 1046 2603 haud
1067 2539 1176 2611 inscite
1198 2543 1259 2611 de-

151 2645 307 2726 sorlptum.

239 2742 315 2825 862¹,
339 2742 380 2807 12
401 2761 457 2825 pro
481 2742 560 2821 „ct”
583 2740 682 2805 scribe
705 2740 784 2818 „ut”
827 2739 846 2803 l.
868 2738 890 2803 8
913 2758 992 2805 corr.
1016 2741 1167 2806 tibicinem

239 2849 273 2912 Ρ.
295 2845 358 2910 863
389 2845 428 2910 ud
456 2845 577 2926 Fragm.
605 2842 680 2904 vlll.
710 2842 786 2907 col.
817 2843 960 2924 Hesychii
996 2861 1057 2907 non
1094 2836 1261 2921 Φιλόλαος

153 2949 262 3034 hebed,
292 2949 349 3014 scd
383 2939 574 3018 Φιλὺλαιος.
618 2945 677 3011 Pro
705 2937 1016 3028 ttpvopotdppvpoo,
1045 2963 1123 3026 quse
1144 2948 1261 3013 codicis

157 3054 251 3120 lectio
275 3058 338 3132 est,
362 3050 503 3115 Musurus
526 3047 622 3111 edidit
641 3039 944 3131 λιχνοᾳιλάργυρος.
989 3045 1189 3115 scribendum
1211 3052 1262 3115 vj.

155 3157 244 3220 detur
264 3143 592 3236 λιχνοφειδάργυρος,
614 3147 697 3229 quod
719 3149 785 3230 ipse
807 3149 903 3211 firmat
925 3146 1085 3229 explicatio
1107 3149 1262 3249 Hesychi,
1390 3194 1394 3203 .

155 3252 176 3325 ὁ
196 3252 307 3342 λίχνος
324 3256 387 3337 pto
405 3247 570 3336 ‹perduci-dc
591 3245 637 3320 δέ,

242 3361 276 3425 Ρ.
298 3357 372 3422 866.
412 3355 463 3419 nd
486 3355 605 3436 Frugrm
627 3352 676 3415 lx,
700 3370 740 3414 ex
761 3350 884 3415 Polluce
904 3351 955 3430 Vl,
980 3350 1051 3416 103.
1074 3343 1195 3434 λύχνου
1214 3349 1266 3417 δι.

157 3455 264 3548 μδξου
290 3456 355 3533 τῶν
376 3453 544 3543 κωμῳδῶν
569 3446 746 3526 Φιλύλλιος
766 3447 975 3534 μνημονεύει.
1017 3453 1067 3516 nl
1089 3452 1150 3516 hoc
1170 3454 1267 3535 ipsum

159 3565 285 3649 Plrilpllii
311 3562 510 3643 lrepmontum
541 3557 695 3639 pertinere
724 3554 845 3616 ridetur
873 3554 1037 3619 lacunosae
1059 3555 1146 3619 locus
1167 3556 1269 3622 nue-

160 3667 232 3731 nucl
259 3665 324 3729 XV.
352 3682 381 3746 p.
403 3662 467 3725 6911
488 3660 510 3723 1.
559 3675 675 3727 ...σω
701 3652 757 3717 καὶ
784 3648 967 3736 θρυαλλίδ’
995 3646 1040 3739 ἢν
1065 3652 1135 3743 δίῃ.
1185 3660 1272 3734 Quae

161 3770 316 3833 Personas
338 3766 419 3831 Adv.
442 3783 472 3846 p.
493 3762 554 3826 140
577 3766 665 3830 acute
686 3760 728 3830 itu
750 3757 912 3839 supplevit:
936 3751 1075 3841 δίμυξον
1095 3755 1131 3823 tt
1152 3753 1274 3846 λύχνον

159 3867 267 3965 εἴρηκε
292 3860 486 3942 Φιλύλλιοςι

204 3970 263 4037 καὶ
282 3962 403 4054 λύχνον
424 3964 564 4050 δίμυξον
584 3961 667 4028 οἴσω
688 3963 746 4027 καὶ
767 3955 950 4049 θρυαλλίδ’
973 3954 1018 4040 ἢν
1039 3958 1108 4048 δὲῃ.

246 4074 278 4137 Ρ.
299 4072 374 4137 867.
409 4072 441 4134 ln
465 4067 599 4150 Polyzeli
621 4067 691 4130 loco
715 4085 816 4147 neque
837 4083 883 4130 vs.
905 4066 919 4131 1
944 4083 1046 4157 neque
1066 4062 1089 4127 4
1110 4049 1271 4153 quidquem

160 4177 344 4251 novandum.
389 4173 447 4245 Pro
469 4161 495 4240 ἃ
516 4168 571 4237 ool
593 4169 715 4252 corrige
738 4156 764 4229 ἅ
783 4185 839 4235 σοι
