2936 4636
333 358 543 417 §trimetri
562 358 768 413 abbendonie
788 359 900 410 rotor.
1063 357 1227 421 CCGXHH

103 504 263 597 Φρνγάςι
295 513 335 575 de
358 512 507 594 Phrygum
539 513 695 576 timiditate
720 513 758 575 ci.
783 512 961 594 Apoiiodor.
985 513 1016 591 4,
1039 512 1099 579 451
1124 514 1222 597 suppl.

102 634 137 697 p.
151 614 281 679 cccxi
325 634 351 696 p.
366 614 427 677 653
444 615 541 693 (197)
565 624 667 679 annot.
691 616 710 678 i.
724 618 744 679 2
760 636 818 678 scr.
841 612 901 702 την
922 606 1016 681 ὀίτων
1037 613 1094 685 καί
1115 612 1219 702 γλώσ.

100 740 167 803 της
189 715 399 802 συγγένειαν·
445 719 494 782 to
517 718 620 800 p.203
664 719 713 782 ii
729 738 788 782 scr.
813 720 983 799 producere
1008 723 1137 801 ridetur,
1180 725 1220 789 ati
1339 740 1346 745 '

105 821 149 885 ir.
167 821 285 887 cxcix
307 818 396 885 aliurn
419 822 544 885 Luciani
568 840 688 887 conscr.
712 821 780 887 hist.
804 841 870 907 cap,
883 821 921 884 41
948 823 997 885 ed.
1021 826 1092 887 inin.
1120 844 1219 907 appo-

106 925 174 988 suit
193 924 310 987 iocum:
344 919 533 1008 παρρησίας
559 921 615 989 καὶ
634 917 936 1012 ἀληθείαςφίλος,
965 918 1011 1002 ὡς
1033 919 1051 993 ὀ
1074 922 1220 1011 κωμικός

107 1023 273 1114 φησι,τᾶ
295 1027 378 1093 σῦκα
401 1027 494 1103 σῦκα,
517 1023 577 1113 την
599 1020 729 1114 σκάφην
749 1025 787 1092 δὲ
801 1019 932 1115 σκάφην
948 1018 1133 1109 ὀνομάσων,
1157 1051 1217 1115 qno

107 1130 150 1197 ad
175 1130 335 1195 Menandri
359 1129 465 1211 ἕτερον.
495 1134 554 1192 inc.
580 1130 691 1195 cocti
720 1149 792 1197 usus
820 1150 918 1212 nuper
945 1131 1036 1195 Μαίη.
1068 1153 1095 1195 v.
1126 1155 1216 1218 sopra

108 1251 138 1314 p.
153 1231 373 1297 CCLXXXVii.
403 1233 440 1294 ci.
466 1236 497 1297 C.
523 1235 553 1295 F.
578 1233 740 1296 Hermann.
770 1234 807 1295 ad
837 1235 910 1299 Luc.
939 1253 1061 1300 consor.
1091 1239 1157 1303 hist.
1187 1260 1216 1321 p.

106 1335 191 1414 248,
226 1336 275 1417 qui
312 1334 436 1416 Philippi
468 1338 577 1400 dictent
609 1338 748 1416 ascripsit
776 1337 852 1399 Plut.
882 1337 1024 1417 apophth.
1054 1358 1081 1419 p.
1100 1339 1219 1406 treis:

108 1436 251 1515 σκαιοὺς
278 1431 343 1523 ἔφη
373 1432 474 1522 φύσει
501 1438 557 1505 καί
585 1433 761 1523 ἀγροίκους
789 1428 876 1502 εἶναι
904 1434 1125 1520 Μακεδόνας,
1162 1442 1220 1510 καὶ

105 1539 169 1629 την
190 1536 321 1627 σκάφην
341 1534 471 1626 σκάφην
494 1538 660 1625 λέγοντας,
679 1535 754 1618 ‘ulti
778 1543 884 1622 inquit,
908 1543 1059 1624 Wyttenb.
1084 1563 1112 1625 p.
1133 1544 1217 1608 1063

108 1647 246 1713 adhibuit
275 1645 377 1711 idiiarr.
407 1653 482 1709 orat.
507 1645 569 1709 vttr
598 1666 626 1727 p.
640 1644 704 1707 208
720 1647 763 1723 A,
789 1641 874 1708 κατὰ
901 1643 959 1709 τὸν
987 1645 1134 1728 κωμικὸν
1158 1646 1218 1734 την

108 1740 241 1834 σκάφην
261 1741 393 1833 σκάφην
415 1741 574 1830 λέγονταί
605 1751 670 1829 ipse
694 1748 886 1811 iierrnannus
915 1746 956 1814 τά
979 1749 1064 1815 σῦκα
1090 1751 1129 1817 de
1160 1772 1215 1834 sy-

110 1852 280 1933 opphantis,
303 1847 362 1936 την
377 1846 508 1937 σκάφην
532 1852 570 1913 de
594 1853 742 1915 metoecis
765 1852 1027 1933 interpretabatur.
1071 1855 1109 1916 ed
1126 1876 1217 1941 σαρ-

109 1950 229 2041 ρησίας
251 1953 306 2019 καί
329 1947 494 2041 ἀληθείας
517 1949 617 2036 φίλος
639 1955 705 2029 (vei
728 1948 829 2039 φίλος
844 1946 991 2040 ἀληθείᾳ
1005 1978 1041 2020 τε
1056 1955 1113 2022 καὶ
1127 1981 1216 2042 παρ,

109 2054 226 2145 ρησίη)
248 2058 399 2122 Nauckius
423 2061 561 2139 apposuit
589 2059 666 2135 troc,
695 2049 769 2121 οὐδ’
793 2049 1025 2141 ίνοοπτησσεις
1047 2054 1148 2142 φίλος
1170 2054 1217 2125 ι’ὀν

110 2154 277 2246 ἀληθείας
309 2159 367 2226 καί
400 2155 603 2247 παρρησίας,
638 2160 680 2223 lo.
715 2160 841 2221 Chumni
866 2162 901 2225 ‚in
934 2159 1076 2223 Boisson.
1105 2163 1215 2225 anecd.

108 2282 178 2331 nor.
204 2264 313 2345 part.
367 2265 469 2345 poet
492 2263 527 2326 ir.
541 2263 628 2329 certi
650 2266 690 2325 ita
713 2261 907 2326 scribendum
931 2269 1010 2325 erat:

300 2358 363 2452 ἤδη
386 2365 424 2433 δὲ
446 2364 531 2444 λέξω
554 2363 612 2433 τὸν
634 2358 734 2449 λόγον
754 2364 815 2428 τοῦ
838 2355 1018 2452 δράματος.

110 2472 150 2537 ita
172 2470 283 2553 iegitur
307 2472 335 2532 in
359 2472 512 2552 excerptis
534 2488 660 2553 gratnm.
684 2474 764 2542 (non
787 2469 866 2550 apud
890 2467 1067 2533 Michneiern
1092 2467 1216 2552 Spopo-

109 2574 188 2648 ton)
212 2573 308 2636 Crem.
325 2574 343 2636 t.
360 2593 386 2635 c.
412 2581 442 2635 et
465 2591 524 2635 ont.
548 2567 586 2636 δὲ
608 2572 685 2652 apud
704 2569 873 2633 Beirlrernnr
890 2572 926 2635 ad
943 2572 1067 2652 Dionys.
1091 2588 1217 2653 grarnrn.

114 2675 215 2758 p839
239 2674 294 2735 26:
318 2676 388 2738 irinc
411 2678 439 2738 in
464 2678 513 2737 ed.
538 2676 608 2736 rnirr.
633 2672 764 2736 delenda
790 2674 866 2736 haec
888 2674 999 2737 verba:
1022 2664 1218 2757 “dpa'pterop

113 2797 166 2861 pro
189 2770 388 2864 πράγματος
410 2779 518 2857 scripsi
542 2769 598 2854 e'',
632 2777 749 2839 scribe:
779 2767 868 2862 “p'dp
892 2772 977 2854 λέξω
999 2768 1153 2839 Βολλεεί”
1189 2796 1216 2843 e.

114 2901 141 2965 ρ.
164 2901 190 2945 s.
234 2889 338 2945 annot.
361 2880 417 2942 it
441 2882 524 2963 attigi
547 2899 654 2961 snpra:
677 2880 703 2941 h.
719 2899 746 2943 e.
770 2883 808 2942 ad
833 2880 956 2960 Antipb.
973 2878 1005 2955 3,
1021 2878 1081 2940 106
1105 2883 1151 2953 (v.
1168 2880 1216 2954 2).

148 2985 184 3047 ir.
204 2984 277 3047 CCV
306 2983 433 3064 posthac
456 2982 642 3047 atterendum
675 2985 731 3046 erit
759 3004 798 3046 ex
820 2984 867 3047 Et
890 2983 979 3048 Voss.
1003 2980 1158 3045 Gaistordi
1191 3000 1218 3062 p.

118 3087 198 3157 1227
222 3089 260 3151 od
284 3088 332 3151 Et.
355 3107 393 3148 nr.
415 3086 480 3149 430
503 3087 523 3149 8
547 3089 694 3168 apposito.
762 3084 859 3172 [tolie
887 3086 925 3147 ir.
943 3084 1029 3148 ccvi
1056 3085 1220 3167 χειμῶνος

23 3186 26 3199 ’
116 3181 209 3268 iinon
230 3194 317 3275 τρεῖς
346 3183 484 3277 σισύρας
507 3182 677 3276 ἀφείλετο,
707 3193 748 3253 uti
778 3209 832 3271 pro
861 3181 1019 3275 ὑφείλετο
1048 3208 1087 3252 ex
1114 3189 1217 3251 Phiio-
1248 3221 1254 3227 ·

115 3313 204 3361 mone
228 3297 370 3376 scripturn
400 3294 447 3356 ed.
471 3296 539 3356 rnin.
576 3303 625 3357 est
651 3312 761 3361 versus
788 3293 1001 3374 Aristophenis
1028 3292 1114 3355 licei.
1141 3289 1219 3353 421:

116 3390 154 3485 ἢν
176 3389 208 3463 δ’
235 3390 399 3483 ἀποκλείη
427 3397 468 3482 τῇ
495 3391 586 3484 θύρᾳ
610 3396 614 3481 Ι
641 3397 842 3477 χειμῶνος
865 3386 999 3471 ὀντος,
1021 3396 1133 3475 τρεῖς
1155 3413 1219 3458 οι-

115 3494 237 3586 nepai·
269 3492 484 3585 ὀφειλέτω.
519 3501 588 3561 vide
618 3501 714 3564 schot.
738 3500 830 3565 Arist.
854 3500 929 3563 itan.
957 3497 1038 3558 1459
1067 3496 1173 3571 (Suid.
1197 3497 1221 3559 ii

119 3606 139 3669 2
160 3603 237 3680 771)
260 3594 396 3685 σισύρας
417 3594 551 3685 χλαίνης
573 3590 665 3679 εἶδος
687 3595 851 3678 εὐτελοῦς,
874 3588 948 3663 οἷον
969 3592 1117 3679 ἐξωμίδα
1139 3589 1160 3683 ἢ
1183 3592 1220 3667 ἆ·

119 3704 244 3781 εελσλδα
273 3700 413 3790 (ἐξωμὶς
437 3696 455 3788 ἢ
478 3695 603 3779 ἁπλοῖς
626 3704 694 3766 ΛΜ.
730 3696 750 3788 ἢ
773 3702 909 3778 danicis
931 3701 1031 3776 Suid.)
1055 3691 1076 3788 ἥ
1096 3724 1131 3765 τι
1151 3724 1223 3767 τοι-

122 3812 227 3881 οῦτον.
250 3807 307 3877 καὶ
328 3801 477 3887 ἀλλαχοῦ
502 3799 688 3887 ῐ(χειμῶνος
718 3797 814 3884 ὀντος
841 3809 928 3893 τρεῖς
958 3797 1097 3892 σισύρας
1124 3797 1223 3893 ἀφεί-

122 3907 223 3981 λετο.”
249 3920 418 3977 correctum
443 3912 535 3975 hodie
558 3902 741 3995 ὀφειλέτω,
769 3910 840 3973 ittnd
870 3911 959 3972 etianr
987 3909 1096 3973 Suidas
1125 3909 1224 3973 habet.

116 4014 261 4085 ‘Pbiicrno
290 4018 340 4094 oui
370 4015 465 4078 fertur
493 4015 664 4096 descriptas
692 4035 731 4078 ex
754 4014 934 4079 Phanorino.
968 4015 1018 4093 qui
1047 4015 1073 4076 si
1095 4013 1225 4094 Apuleio

120 4117 358 4203 Pseudopropho
383 4125 412 4179 et
435 4119 568 4181 Draconi
592 4118 811 4181 Stratonicensi
829 4118 910 4179 idem
927 4115 1036 4178 dixerit
1051 4116 1132 4199 qood
1149 4116 1227 4179 Dio·

121 4225 224 4309 nysius
247 4230 394 4307 tyrannus
417 4222 521 4289 enticis
544 4220 744 4303 Pythagoreis
768 4220 847 4304 apud
870 4218 1061 4297 Schiilernnr,
1083 4234 1144 4279 non
1168 4234 1230 4303 po-
