2964 4634
328 345 484 414 Addeuda
507 351 538 412 'st
561 345 755 433 Corrigenda
775 347 816 414 ad
837 347 904 415 Vei.
928 346 964 412 ih
988 349 1021 414 Ρ.
1044 350 1074 413 2.
1213 354 1257 417 dit

143 536 223 584 can
249 516 395 601 appellari
422 516 503 582 dicat
525 518 631 583 crates
653 517 853 584 Phoenissis?
881 517 928 582 in
942 517 1052 601 vespis
1080 518 1255 602 sinpliciter

140 622 206 686 irae
228 621 322 702 putris
343 625 376 684 ut
398 621 519 683 urtica
541 618 681 684 dematur
701 626 790 703 rogat
805 617 895 684 iiiios:
917 620 996 686 hanc
1012 621 1137 684 urticam
1154 620 1252 686 sche-

138 722 172 787 lii
193 727 301 787 ructor
322 720 466 786 translate
494 719 702 803 accipiendam
729 741 801 788 esse
830 726 984 787 annotavit
1005 722 1045 786 de
1067 740 1177 804 aspero
1199 724 1251 786 in-

139 825 252 911 genio,
280 841 407 905 eamque
429 823 460 885 in
482 841 546 886 rem
570 823 697 890 Cratetis
725 825 903 889 auctoritate
925 826 1026 906 utitur,
1049 825 1099 905 qui
1120 824 1153 887 in
1173 824 1251 891 tihro

138 927 241 1007 atique
264 924 429 1001 (credibile
450 931 498 988 est
518 925 550 987 io
573 926 663 989 attice
685 926 829 991 dialecto:
852 926 1030 992 Schneider.
1048 925 1088 990 de
1100 924 1177 991 ient.
1189 924 1250 1003 88)

138 1028 278 1094 docuerit
298 1025 532 1108 Aristophanem
554 1024 729 1093 Phoenissis
756 1028 936 1108 urticam,
965 1045 1030 1093 non
1057 1019 1249 1111 ἀκαλήφην,

139 1131 197 1196 sed
226 1122 377 1212 κραναὴν
407 1133 472 1204 (ιιι
500 1124 698 1213 spanedat)
725 1122 907 1215 ἀκαλήφην
931 1148 1073 1196 vocasse.
1123 1131 1251 1211 hepone

138 1233 230 1318 igitur
251 1230 331 1312 apud
353 1228 545 1295 schediasturn
567 1222 612 1308 ἢν
630 1230 688 1294 καὶ
708 1225 861 1317 κραναὴν
886 1224 1067 1317 ἀκαλήφην
1087 1224 1252 1313 λέγισθαὶ

137 1352 224 1419 φησι
248 1324 382 1416 Κράτης
406 1328 619 1408 Φοινίσσαις.
664 1335 824 1399 Caeterum
854 1332 892 1396 ci.
916 1333 1059 1399 addenda
1080 1333 1119 1397 nd
1141 1333 1203 1397 roh.
1225 1334 1249 1400 Ι.

279 1536 355 1603 ihid.
378 1535 498 1619 Fragm.
521 1535 557 1599 V.
577 1528 707 1620 ‘Plenus
728 1534 858 1602 Potiucis
880 1535 967 1601 tons
988 1532 1039 1597 hic
1055 1540 1118 1599 est:

183 1642 218 1707 Γ
211 1631 373 1723 αλιάγρσ·
398 1632 437 1700 τὸ
458 1634 494 1698 δὲ
505 1630 613 1722 ὄνομα
623 1634 661 1700 ἐν
681 1640 750 1712 τοῖς
770 1632 1049 1721 ἐπιγραφομένοις
1068 1631 1249 1718 Δημοσθέ-

138 1763 216 1820 νονρ
237 1738 318 1827 ιιρός
337 1732 626 1822 Ἀριστογείτονα·
653 1738 712 1803 καὶ
731 1735 911 1825 μαάρρα·
936 1728 1250 1821 Ἀριστοφάνης

139 1846 182 1911 dt
203 1843 244 1908 ἐν
268 1835 528 1916 Φοινίσσαις
555 1839 708 1925 κέχρηται
730 1840 775 1930 τῷ
802 1835 961 1926 ὀνόματι·
989 1837 1027 1902 ἓν
1047 1836 1083 1902 dd
1106 1830 1250 1925 Πλούτῳ

138 1941 234 2013 sinor
255 1944 317 2023 τὴν
336 1936 491 2028 μοάγραν
512 1941 613 2007 καλεῖ.
658 1941 702 2005 ci.
725 1944 821 2008 Benti.
846 1945 884 2008 ad
907 1944 982 2009 Piut.
1005 1941 1079 2005 815.
1123 1941 1249 2007 Ariste-

136 2053 255 2139 phanes
278 2064 355 2131 ergo
377 2061 441 2107 uon
462 2035 628 2124 ηαλιᾶγρα
651 2041 707 2106 sed
728 2036 861 2126 μιάγρα
883 2045 998 2109 dixisse
1016 2036 1154 2108 videtur?
1174 2042 1210 2106 H.
1223 2042 1248 2121 i,

277 2147 352 2213 thid.
373 2145 421 2208 Vh.
444 2162 523 2210 corr.
545 2134 564 2204 ὁ
586 2140 677 2203 θέαν
697 2137 905 2223 duapondo

223 2253 256 2316 Ρ.
278 2247 366 2312 1171.
410 2249 458 2312 De
479 2245 540 2311 hoc
561 2242 732 2329 fragmento
755 2244 794 2309 ci.
816 2245 911 2311 Dohr.
934 2243 1015 2309 Λᾶν.
1035 2243 1069 2307 ti.
1093 2244 1167 2307 256.

180 2355 280 2418 Versu
301 2349 341 2414 14
362 2343 416 2425 τιὴ
439 2341 501 2432 τίς]
522 2339 605 2410 ‘Nec
626 2342 680 2424 τίη
702 2343 735 2410 τί
757 2349 787 2411 in
810 2347 982 2432 fragmento
1001 2365 1041 2411 ex
1058 2346 1150 2412 Horis
1169 2345 1248 2427 apud

136 2458 328 2526 Athenaeum
350 2452 422 2516 vitio
445 2441 541 2514 caret'
564 2449 667 2514 Herm.
690 2451 728 2515 ad
749 2449 827 2514 Nuh.
850 2448 913 2512 754
933 2448 972 2514 ci.
994 2449 1102 2514 Lehrs.
1125 2468 1175 2532 ep.
1197 2467 1247 2531 qu

139 2580 158 2644 p
183 2660 283 2725 Versu
306 2655 342 2719 11
368 2646 483 2738 φύσας
505 2654 637 2718 correxit
659 2660 691 2717 et
712 2652 895 2717 Pritzschius
916 2651 1028 2733 Euphr.
1050 2670 1080 2734 ρ.
1103 2650 1155 2715 28.
1270 2652 1273 2657 ’

223 2763 258 2825 Ρ.
282 2756 374 2821 1174.
393 2762 470 2819 extr.
493 2774 573 2820 corr.
590 2750 807 2838 ᾰαοααρδιῖν.
829 2755 956 2819 sioAld.
979 2746 1248 2817 αἰιοδάτιινΡοιι.

141 2865 233 2933 hodie
255 2861 354 2927 editur
374 2852 561 2920 ἆαοιιατιῑν

225 2968 257 3030 Ρ.
282 2961 372 3026 titt.
393 2947 442 3024 IV.
461 2951 578 3024 ‘Versu
600 2959 695 3022 nitcro
717 2957 908 3022 hermannus
932 2957 1044 3039 Opusc.
1059 2955 1096 3019 V.
1119 2953 1183 3017 202
1203 2971 1249 3036 sq.

142 3062 187 3133 σὺ
208 3062 249 3142 δὴ
271 3059 406 3140 noricae
426 3060 543 3125 scribit:
566 3060 647 3125 idem
670 3059 800 3124 Seidieri
820 3051 1005 3128 redducere
1021 3059 1112 3123 unice
1131 3055 1248 3139 prohat-

140 3162 200 3235 vit.’
224 3168 260 3232 11.
282 3166 304 3229 l.

277 3267 351 3331 lhid.
368 3258 435 3329 Ῥι.
458 3264 506 3327 vt.
536 3253 800 3344 σχηματίσαντες
827 3261 885 3335 soli
908 3265 1005 3327 errori
1027 3262 1135 3328 deheri
1156 3259 1246 3322 vide-

144 3380 209 3452 tur,
236 3369 413 3434 Athenaeus
435 3366 527 3430 hahet
549 3359 835 3447 σχηματίσαιταςι
861 3364 922 3435 hoc
945 3383 983 3438 an
1005 3363 1078 3436 iliud
1100 3361 1249 3435 scribatur

143 3490 207 3539 non
229 3469 356 3555 perinde
380 3463 452 3535 est.'
473 3468 509 3531 Η.
532 3468 555 3529 l.

227 3575 260 3638 P.
284 3570 380 3651 1181,
403 3571 423 3634 9
446 3588 524 3635 corr.
547 3568 686 3635 inusitata

287 3673 363 3738 lhid.
387 3672 426 3737 de
450 3669 627 3755 fragmentis
648 3665 713 3731 XX.
736 3663 813 3729 xxi.
834 3663 873 3728 ch
897 3663 966 3728 add.
989 3663 1027 3726 ad
1049 3661 1083 3725 th
1103 3660 1135 3726 8.
1179 3661 1199 3726 l.
1208 3659 1246 3743 21

143 3796 200 3860 pro
222 3769 318 3839 ιτιᾶτι
340 3794 420 3840 corr.
442 3768 579 3838 ιιοιιιᾶτι

229 3877 261 3940 Ρ.
287 3874 379 3940 1182.
402 3877 441 3941 ad
464 3875 500 3938 ir.
520 3872 611 3938 xxti.
634 3886 714 3935 cerr.
733 3856 987 3950 Ἀριστοφάνης

231 3979 262 4045 Ρ.
286 3977 380 4043 1183.
429 3978 550 4062 Fragm.
578 3972 696 4039 XXth.
729 3969 922 4036 scribendum
956 3967 1075 4031 videtur
1100 3960 1250 4051 φθέγξαι

144 4079 188 4149 οὐ
211 4076 272 4160 τὴν
292 4076 410 4164 φανὴν
430 4070 642 4159 ἆνατιιχὶσας
662 4065 743 4149 ἄνα,
764 4091 819 4155 pro
841 4062 1072 4152 ἀνατιιχὴααα.

231 4185 263 4251 Ρ.
290 4181 381 4263 1184,
403 4180 425 4244 h
446 4182 476 4245 in
498 4179 629 4246 Pollucis
655 4176 727 4241 ioco
757 4172 936 4241 exciderunt
957 4173 1037 4239 inter
1054 4162 1117 4253 χρὴ
1144 4172 1175 4230 et
1195 4158 1253 4226 xci
