2964 4634
261 358 303 422 46
446 351 598 420 Addenda
621 358 652 430 et
675 350 864 437 Corrigenda
887 352 926 416 nd
949 351 1014 416 Vol.
1038 350 1074 414 11.
1097 350 1129 414 Ρ.
1151 349 1182 413 2.

348 528 380 592 P.
402 526 518 591 6461.
541 526 561 588 6
584 542 663 589 corr.
685 543 714 605 p.
739 523 800 587 192
849 521 892 585 ib.
915 521 949 585 11.
971 541 1031 586 scr.
1052 522 1137 587 Phot.
1160 541 1189 611 p.
1213 519 1276 586 593
1300 542 1377 588 τεν-

262 655 305 699 ια
337 650 372 695 ιν

305 632 474 808 ξενθιιτ,
498 727 548 791 16.
592 725 693 792 Verba
725 719 789 788 ὑπὸ
812 717 902 788 τσὶδ
932 728 1021 790 etiarn
1049 726 1199 812 Bergktus
1232 728 1271 794 ad
1296 728 1374 793 Ari-

262 838 362 920 stoph.
385 834 490 916 fragm.
513 850 542 911 p.
568 829 651 892 1015
676 828 836 911 supplevit,
868 828 1101 910 Aristophanem
1125 834 1206 913 carpi
1228 839 1374 897 statuens.

260 942 324 1005 Cir.
347 936 479 1002 Cobotus
501 934 521 996 1.
543 934 562 995 i.
586 952 614 1014 p.
640 932 710 995 111.
734 934 784 1012 qui
813 928 976 1014 appropria
996 938 1046 995 aut
1066 934 1165 996 simite
1190 935 1261 1016 quid
1284 937 1374 999 exci-

262 1045 345 1108 disse
372 1044 464 1121 putat.
515 1037 634 1119 Fragm.
665 1034 700 1097 11.
729 1034 889 1098 Dobraous
916 1035 1037 1115 scripsit
1068 1033 1147 1122 φέρε
1175 1033 1273 1099 τοῦτο
1301 1030 1368 1122 dri!

259 1142 368 1224 δεῖξον
396 1136 435 1204 τά
463 1134 587 1202 κανοῦν
613 1158 672 1219 μοι
701 1132 813 1220 δεῦρο,
839 1130 886 1217 μὴ
913 1128 1047 1223 μάχαιρ’
1077 1134 1136 1203 ι’νι.
1180 1141 1257 1205 Van.
1289 1147 1371 1217 (uon

259 1251 351 1324 Rau.)
373 1263 432 1326 μοι
454 1242 568 1306 omittit.

344 1349 375 1411 P.
393 1345 467 1410 648.
512 1344 631 1426 Prngrn.
654 1340 690 1421 11,
713 1340 733 1404 3
761 1340 954 1405 scribendum
984 1360 1051 1404 cum
1073 1342 1218 1409 Dobraeo
1246 1344 1327 1409 Adr.
1348 1345 1371 1410 1.

258 1473 288 1536 p.
316 1451 389 1514 620.
418 1443 477 1510 ἐάν
506 1438 539 1507 δ’
571 1438 670 1532 άνρῖς,
706 1436 866 1526 ὑβριστὸν
900 1441 973 1506 ἐστι
1003 1441 1116 1527 χρῆμα
1150 1439 1371 1511 teutmaro..

236 1559 445 1635 -Quamquam
474 1550 540 1629 ipse
570 1545 703 1628 praefert
725 1541 783 1606 ἐάν
804 1537 838 1606 δ’
861 1538 943 1633 ἀνῇς
963 1535 1069 1625 άνιαξ,
1092 1537 1260 1632 άβριστον.
1302 1551 1371 1614 Re·

259 1661 379 1742 spicere
401 1654 460 1716 huo
481 1650 601 1712 videtur
624 1648 732 1713 Suidus
754 1668 779 1713 s.
802 1668 832 1713 ν.
856 1640 1054 1711 ἀκόλαστον.
1092 1651 1140 1714 De
1162 1639 1317 1735 άβρισσσς
1339 1662 1371 1719 et

259 1749 417 1843 ὑβριστάς
440 1774 469 1816 v.
491 1751 626 1816 Lobeok.
649 1751 745 1814 Parai.
769 1769 799 1831 p.
819 1751 863 1814 40
885 1770 932 1832 sq.

344 1860 377 1922 Ρ.
399 1855 472 1920 649.
515 1856 635 1937 Fragm.
657 1853 705 1932 111,
729 1854 749 1915 2
771 1854 989 1917 restituendum
1017 1857 1140 1919 omuino
1162 1846 1248 1919 ὅσον
1269 1855 1371 1921 σιδα-

257 1961 363 2047 ρέοισι
385 1958 454 2032 τοῖς
481 1952 667 2041 νομίσμασι
692 1951 848 2039 χρῶνται.
893 1956 981 2031 Quod
1004 1960 1084 2020 enim
1107 1960 1183 2040 npud
1206 1960 1371 2027 Gramma-

257 2068 347 2129 tioum
376 2062 541 2126 Hermanui
566 2059 677 2143 tegitur
695 2051 933 2142 Ἀριστοφάνης
954 2050 1131 2135 Βυζάντιοι
1159 2055 1283 2151 σιδάρῳ
1311 2083 1371 2128 νο·

256 2164 403 2251 μίζσνσι,
432 2166 463 2226 iu
487 2182 525 2228 eo
548 2182 603 2245 pro
626 2161 830 2243 Aristophane
852 2162 993 2224 Aristidis
1016 2181 1128 2227 nonreu
1156 2169 1369 2248 reponendum

258 2289 330 2335 essa
352 2284 427 2330 vero
449 2268 564 2329 monuit
585 2264 759 2329 Diodortius
788 2265 825 2327 ad
849 2262 950 2328 Sohot.
974 2265 1127 2348 Aristoph.
1149 2268 1170 2332 1.
1192 2272 1211 2333 1.
1235 2278 1263 2336 et
1285 2290 1369 2336 nuuc

256 2374 347 2436 etiam
370 2367 501 2432 Cobetus
523 2386 552 2449 p.
571 2365 641 2429 129.
664 2368 879 2430 Aunotationis
902 2366 922 2429 Ι.
945 2365 967 2428 8
989 2386 1069 2433 corr.
1092 2373 1173 2435 aad.
1197 2382 1269 2438 uota
1289 2375 1368 2439 sub·

255 2474 335 2537 iecta
357 2470 376 2532 1.
400 2468 420 2532 3
442 2487 497 2551 pro
526 2469 736 2548 „verborum”
764 2468 864 2531 scribe
892 2469 1106 2547 „diversorum
1134 2476 1307 2557 graduum”
1329 2477 1366 2542 V.

255 2572 392 2639 Lobeck.
415 2572 511 2637 Perat.
535 2590 562 2655 p.
584 2571 637 2635 41.

339 2678 373 2740 P.
395 2675 458 2737 650
480 2677 598 2760 Pragm.
622 2675 661 2738 lV
684 2673 785 2737 codex
805 2673 897 2736 habet
919 2668 1092 2759 narpddimv

340 2780 372 2842 Ρ.
395 2776 468 2840 651.
511 2776 560 2841 Ad
583 2777 703 2861 Fragm.
727 2775 778 2838 vlt
799 2769 970 2858 Ἀρκάδας
990 2772 1190 2863 μιμούμενοι
1211 2781 1274 2847 uid.
1297 2782 1365 2848 Co·

253 2881 343 2945 batus
364 2899 395 2963 p.
411 2879 482 2942 199.
504 2880 637 2946 Platonis
654 2878 747 2940 verba
767 2880 806 2940 itu
826 2881 1029 2944 constituens:
1046 2875 1147 2957 αὐτὸς
1162 2880 1360 2971 κωμῳδίαςΙ

254 2978 360 3044 ιισιαῖν
373 2964 430 3042 εἶτ’
444 2973 558 3057 ἄλλοις
574 2979 725 3067 παρέχων
738 2973 909 3064 Ἀρκάδας
924 2976 1137 3066 μιμούμενος.
1159 2978 1193 3047 V.
1210 2986 1366 3052 Addeuda

252 3083 291 3147 ad
314 3083 375 3146 vot.
400 3082 412 3144 1
437 3081 507 3147 162.

336 3186 367 3249 Ρ.
390 3184 463 3249 651.
496 3185 597 3248 Verba
618 3184 775 3250 Eudociuo
798 3185 836 3250 ad
860 3187 979 3272 Pragm.
1003 3188 1030 3250 Χ
1052 3189 1203 3271 adscripta
1226 3209 1266 3254 ex
1287 3188 1364 3255 Phi·-

250 3288 375 3354 lostrato
400 3289 535 3353 derivata
558 3306 630 3351 esse
653 3292 754 3352 monui
775 3289 849 3353 Hist.
875 3310 917 3354 cr.
941 3308 968 3372 p.
992 3289 1062 3353 180.

336 3393 367 3456 Ρ.
390 3393 463 3456 652.
485 3394 507 3456 1.
527 3384 800 3472 ‘Aristophaneum
824 3392 969 3457 scholium
994 3393 1159 3457 notandum
1182 3403 1229 3459 est
1251 3395 1366 3461 abesse

249 3496 286 3559 ab
302 3496 376 3560 Rau.
399 3503 430 3562 et
444 3496 518 3559 Ven.
542 3494 624 3558 unde
647 3494 684 3557 ad
702 3493 814 3559 Suidae
835 3499 934 3578 potius
958 3513 1047 3577 qoam
1070 3495 1108 3560 ad
1125 3495 1230 3560 Atdini
1253 3514 1365 3560 exem-

247 3595 338 3676 ptan's
362 3597 451 3661 tidem
474 3599 664 3663 remittimur:
691 3600 717 3661 ts
741 3617 815 3662 vero
840 3617 906 3662 curm
930 3599 1039 3661 hubent
1065 3582 1091 3660 ὦ
1115 3596 1191 3660 θεῖε
1214 3591 1363 3684 Μάρνχι,

248 3694 326 3771 τέως
347 3693 411 3781 γάρ
432 3694 600 3781 εὐδαίμων
623 3694 704 3783 ἕιρνς
732 3707 809 3776 (nec
830 3700 972 3764 Atdioum
997 3721 1028 3763 τε
1053 3699 1113 3763 νῦν
1134 3699 1214 3764 aliud
1242 3703 1366 3768 videtur

248 3817 320 3863 essa
348 3819 436 3880 quam
465 3798 580 3877 adfrt:
609 3805 715 3865 nescio
739 3821 776 3865 an
805 3803 965 3885 fragmenti
988 3812 1019 3867 et
1041 3803 1162 3868 tabulae
1188 3806 1265 3869 ratio
1292 3825 1364 3870 me·-

245 3901 304 3965 lius
339 3909 479 3966 servetur
515 3904 680 3967 scribendo
711 3887 738 3963 ὦ
771 3903 846 3967 dria
876 3905 926 3972 M.
969 3903 1048 3981 πῶς
1081 3902 1155 3997 γάρ
1191 3903 1364 3992 νάδαὶμαν

245 3994 355 4087 ἔφνς;’
378 4005 415 4069 11.
438 4007 459 4069 1.

331 4108 362 4172 Ρ.
384 4108 457 4171 655.
500 4108 620 4191 Fragm.
643 4106 682 4169 IV
704 4107 803 4172 malim
825 4103 923 4194 σ’ράτέ
946 4131 998 4173 τοι
1019 4109 1058 4174 τὸ
1081 4109 1191 4197 διῆρες
1211 4105 1364 4201 ὑπερῷον

247 4203 361 4289 [rder.
404 4211 523 4296 Fragm.
546 4210 581 4271 V.
605 4213 645 4275 ita
668 4212 821 4296 distingue
845 4209 904 4274 ιόν
925 4210 1076 4298 δέλφακα
1096 4211 1103 4298 Ι
1122 4210 1231 4296 ἀπῆγε
1253 4213 1343 4304 σιμῇ.
