2874 4638
457 1194 650 1273 HENRICI
677 1192 838 1270 {neom

626 1368 675 1420 au

307 1507 624 1595 AVGVS'PVM
660 1503 993 1591 ΜΕΙΝΕΚΝΜ

544 1682 758 1752 uersuum

97 1856 200 1970 Anno
223 1898 546 1988 undequadragesimo
569 1917 667 1984 quum
689 1894 751 1977 Tu,
772 1894 829 1962 Vir
850 1894 1046 1977 Clarissimo,
1067 1895 1204 1986 primum

97 2003 301 2070 Comicorum
322 2002 467 2069 Tuorum
488 2001 639 2068 volumen
660 2000 776 2090 publici
796 2002 871 2066 iuris
894 1998 1040 2083 fecisses,
1073 1999 1205 2068 inchoa·

97 2119 166 2175 tum
192 2109 289 2198 longo
315 2109 464 2199 temporis
492 2110 592 2198 spatio
621 2127 702 2195 opus
735 2106 814 2169 iutra
842 2102 937 2169 breve
968 2106 1132 2172 triennium
1163 2108 1207 2173 ita
1317 2119 1319 2123 ’

97 2213 271 2296 absolvisti,
293 2224 329 2278 ut
351 2212 435 2302 quod
455 2212 611 2302 reliquum
632 2218 717 2273 esset
731 2206 1022 2298 supplementorum
1043 2218 1075 2274 et
1089 2210 1210 2291 λέξεως

97 2318 264 2399 volumen,
285 2320 419 2408 proximi
440 2327 515 2384 tunc
537 2316 610 2383 anni
631 2313 692 2381 fine
713 2312 753 2381 ad
775 2320 916 2404 optatam
937 2318 1055 2378 metam
1077 2334 1211 2404 perven-

97 2434 207 2489 turum
229 2446 300 2488 ease
321 2445 474 2511 sperares.
514 2421 618 2487 Huius
644 2421 740 2509 partis
767 2440 877 2485 curum
904 2417 991 2484 utin
1013 2441 1065 2486 me
1087 2420 1209 2486 confer·

99 2548 154 2593 res
176 2524 329 2592 benevola
351 2523 485 2590 Caroli
506 2523 744 2589 Lachmanni
775 2523 926 2589 sententia
952 2523 1043 2591 facile
1070 2523 1210 2593 adduce-

98 2630 202 2711 baris3
239 2651 313 2710 nec,
341 2651 406 2718 quo
434 2625 544 2694 ardore
570 2627 601 2691 in
627 2635 806 2717 susceptam
828 2649 955 2717 operam
976 2630 1209 2714 incumbebam,

99 2736 240 2801 futurum
261 2734 439 2815 videbatur,
474 2742 508 2798 ut
535 2730 626 2798 Tuae
648 2730 697 2799 Te
718 2731 887 2799 voluntatis
908 2736 1069 2825 poenitere
1090 2746 1208 2827 posset

100 2839 166 2908 sed
188 2840 257 2906 sive
278 2838 459 2906 infirmitatis
481 2836 640 2905 humanae
661 2862 699 2905 ea
726 2848 775 2903 est
800 2848 927 2919 natura,
955 2841 1022 2907 sive
1043 2841 1217 2937 singularis*

100 2944 193 3011 huius
215 2942 347 3011 hominis
369 2945 400 3009 in
422 2943 606 3034 perficienda
630 2966 724 3035 opera
747 2943 873 3010 tarditas
896 2953 929 3008 et
949 2948 1122 3028 cunctatio,
1151 2949 1211 3015 ite·

99 3072 170 3116 rum
193 3048 481 3137 quintusdecimus
511 3050 562 3116 hic
590 3072 691 3115 onnus
723 3049 824 3115 iactus
855 3057 921 3127 est,
955 3071 1054 3137 quum
1081 3052 1209 3119 tandem

101 3153 267 3243 aliquando
289 3155 372 3221 foras
394 3154 517 3245 prodire
537 3154 661 3221 iubetur
681 3152 768 3236 liber,
792 3153 974 3244 desperatus
990 3156 1122 3222 fortasse
1136 3179 1209 3246 per·

101 3258 220 3340 multis,
252 3281 311 3325 nec
337 3261 399 3326 iam
428 3261 466 3328 ab
496 3260 675 3327 huiusmodi
702 3260 820 3325 editore
847 3269 1043 3349 expectatus.
1086 3258 1156 3351 lpse
1184 3264 1209 3328 si

99 3363 215 3431 laboris
241 3363 439 3431 difficultates
469 3376 500 3431 et
528 3387 695 3432 aerumnas
723 3366 876 3432 ericusare
908 3363 1044 3448 vellem,
1071 3376 1211 3434 meomet

99 3471 166 3559 ipse
187 3491 240 3534 me
261 3468 364 3558 gladio
386 3469 571 3560 iugularem.
615 3469 701 3537 Nam
723 3481 755 3536 et
775 3477 861 3535 recta
884 3490 964 3559 opus
986 3472 1087 3538 estin
1109 3475 1210 3539 susei-

101 3574 213 3665 piendo
236 3597 365 3642 suarum
387 3575 501 3664 cuique
522 3577 633 3642 virium
662 3575 877 3641 aestimatione
906 3584 938 3639 et
964 3597 1022 3666 par
1047 3579 1212 3666 requiritur

103 3681 188 3769 operi
210 3680 332 3746 artifex:
355 3689 391 3746 ut
413 3702 542 3769 quoquo
563 3704 615 3746 me
636 3691 757 3746 vertam
780 3700 843 3746 non
865 3681 1003 3771 effugere
1016 3681 1125 3750 videar
1139 3708 1212 3775 gra·

101 3786 261 3850 vissimam
282 3783 554 3875 reprehensionem
582 3785 831 3872 iustissimasque
858 3784 945 3854 luere
972 3778 1070 3878 cogor
1098 3789 1213 3881 cuipae

102 3911 229 3981 poenas.
272 3888 394 3955 Etenim
416 3889 579 3956 verissime
601 3887 693 3955 simul
727 3897 758 3954 et
791 3893 975 3976 gravissime
1001 3893 1122 3960 dictum
1155 3906 1213 3976 est,

102 3995 187 4082 quod
210 3992 360 4083 Scaligeri
382 3993 508 4084 ingenio
531 3992 699 4060 debemus:
734 3988 787 4058 ‘Si
809 4016 904 4083 quem
924 3996 988 4063 dira
1011 4009 1120 4066 manet
1141 4022 1214 4066 sen·
1239 4042 1243 4049 »

102 4100 199 4165 tentia
221 4097 329 4163 iudicis
350 4096 440 4178 olim,
462 4096 656 4165 Damnatum
680 4099 838 4165 aerumnis
860 4097 1081 4189 suppliciisque
1102 4111 1214 4189 eaput:

970 4225 989 4264 a
1002 4209 1013 4230 .
